3154 5198
883 407 901 466 4

357 595 407 653 ret
432 611 489 674 pro
513 591 589 654 novi
610 591 680 654 aevi
703 588 821 654 studiis
844 595 878 654 et
900 589 1165 674 antiquaeuncta
1181 588 1395 674 impugnaret
1415 591 1455 670 ¹,

358 713 415 775 per
448 692 554 778 legem
578 692 669 758 illam
698 698 862 756 aeternam
884 691 982 756 modo
1014 697 1298 756 commemoratam
1325 692 1460 758 effecit

357 800 396 859 ut
422 796 521 860 etiam
552 803 698 882 surgeret
724 795 959 880 Aristophanes
978 795 1001 878 ¹,
1030 795 1085 880 qui
1107 801 1249 860 veterem
1270 795 1457 862 πολιτείαν

359 898 532 965 Soloneam
563 900 696 986 ejusque
725 898 895 984 opiniones
927 898 1080 964 adversus
1104 920 1158 963 eos
1180 898 1237 985 qui
1258 920 1357 965 novas
1385 921 1452 964 res

357 1001 549 1068 molirentur
572 1002 766 1068 defenderet.

403 1105 452 1170 De
472 1106 536 1171 ista
557 1127 680 1191 pugna,
704 1105 732 1172 si
755 1107 840 1171 veris
863 1105 1049 1171 nominibus
1072 1105 1149 1170 ficta
1172 1106 1370 1171 substituere
1392 1106 1446 1169 li-

357 1214 419 1290 eet,
441 1207 515 1292 jure
538 1209 717 1294 praedicari
739 1214 849 1294 potest
876 1209 980 1274 verbis
998 1208 1157 1274 Maronis:
1184 1209 1354 1276 Certamen
1369 1210 1447 1274 erit

359 1311 509 1394 Corydon
532 1333 606 1378 cum
628 1311 784 1396 Thyrside
805 1334 970 1398 magnum.
1008 1311 1080 1376 Non
1107 1312 1177 1378 leve
1202 1320 1286 1378 certe
1303 1313 1443 1398 pondus

358 1412 451 1478 addit
471 1413 673 1480 dimicationi
694 1416 863 1501 utriusque
884 1415 1049 1500 promachi
1073 1415 1248 1498 claritud0,
1274 1421 1312 1479 ut
1324 1417 1443 1500 magis

359 1517 560 1583 attendimus
594 1517 622 1583 si
651 1518 798 1584 Achilles
832 1541 906 1584 curo
934 1519 1074 1583 Hectore
1107 1525 1158 1583 est
1181 1539 1438 1604 congressurus,

359 1641 455 1705 quam
480 1619 537 1685 ubi
565 1619 605 1686 de
625 1621 886 1706 Myrmidonibus
907 1621 1091 1707 gregarium
1118 1621 1258 1686 militem
1281 1621 1439 1687 videmus

358 1724 392 1786 in
418 1722 591 1807 Trojanum
621 1724 808 1810 quempiam
840 1723 969 1789 irruere.
1019 1721 1132 1810 Neque
1154 1723 1188 1786 in
1213 1721 1351 1808 ignobili
1372 1745 1438 1810 pa-

302 1872 304 1877 s
358 1826 476 1891 laestra
497 1833 659 1893 certamen
682 1826 738 1892 fit:
763 1848 821 1912 pro
844 1848 940 1892 arena
963 1832 1014 1891 est
1036 1825 1290 1892 Atheniensium
1302 1826 1434 1910 civitas,

358 1950 421 2014 quo
442 1937 587 2016 tempore
610 1930 780 2017 adipsum
804 1951 881 1996 suae
902 1928 1025 2015 gloriae
1047 1927 1217 2014 fastigium
1242 1939 1437 2014 pervenerat

357 2032 478 2118 etjam
502 2034 535 2098 in
560 2034 714 2118 abyssum
737 2033 907 2118 vergebat,
933 2031 968 2096 in
990 2053 1106 2117 quem,
1136 2053 1199 2118 quo
1226 2031 1325 2097 altius
1348 2035 1426 2098 erni-

357 2142 490 2220 nuerat‚
515 2159 552 2202 eo
574 2138 721 2224 graviore
744 2157 821 2201 casu
842 2157 920 2200 mox
939 2143 1008 2200 erat
1031 2135 1209 2220 delapsura

402 2240 465 2305 Sed
483 2262 525 2305 ne
547 2240 677 2326 regulae
701 2239 913 2304 Horatianae:

490 2347 578 2408 “non
602 2343 648 2409 sic
672 2342 825 2428 incipies:
855 2341 993 2407 cantabo
1016 2342 1125 2408 nobile
1148 2342 1294 2409 bellum'’

355 2447 476 2512 oblitus
508 2469 578 2513 esse
605 2447 727 2531 videar,
761 2446 893 2511 verbum
925 2466 990 2509 non
1013 2445 1131 2510 addam
1164 2468 1227 2532 quo
1260 2469 1429 2512 monoma-

355 2549 461 2615 chiam
484 2571 582 2636 quam
607 2572 680 2615 sum
704 2548 924 2635 descripturus
947 2549 1122 2632 extollam,
1154 2571 1195 2615 ne
1217 2556 1292 2635 post
1315 2551 1429 2616 erube-

353 2674 463 2734 scam,
497 2652 685 2718 admonitus
715 2651 812 2737 hujus
842 2673 969 2739 quoque
996 2651 1076 2717 dicti
1106 2652 1293 2718 Horatiani:
1326 2654 1429 2740 “quid

355 2761 448 2820 tanto
469 2754 562 2821 hiatu
584 2756 722 2841 dignum
746 2755 898 2822 tulisti?”
947 2754 1113 2820 Disseram
1137 2756 1177 2821 de
1196 2756 1459 2842 Aristophane„

353 2881 465 2924 severo
489 2859 657 2946 Euripidis
675 2859 806 2945 judice,
832 2881 890 2945 pro
912 2881 982 2924 mea
1003 2859 1105 2924 virili:
1120 2860 1427 2944 veniam‚siminus

284 3031 288 3038 ,
355 2965 559 3049 satisfecem,
591 2965 632 3030 ab
665 2965 777 3052 aequis
809 2963 999 3048 lectoribus,
1031 2964 1149 3050 quibus
1176 2965 1222 3029 rei
1252 2963 1426 3030 difficultas

354 3076 405 3133 est
428 3068 575 3154 cognita,
602 3069 835 3154 impetraturus
860 3078 897 3133 ut
920 3088 1014 3152 spero
1036 3067 1207 3152 majorem,
1231 3089 1329 3154 quam
1352 3068 1426 3134 huic

354 3169 475 3236 abillo
499 3192 642 3257 unquam
666 3170 731 3237 fuit
755 3193 915 3237 concessa.

386 3394 395 3426 ¹
427 3397 496 3446 Bene
520 3411 572 3446 rem
597 3398 726 3460 perspexit
750 3397 923 3474 Bernhardins
949 3395 1049 3446 Griech.
1072 3396 1150 3445 Liter.
1167 3395 1203 3452 ΙΙ,
1220 3397 1237 3444 2
1253 3410 1310 3459 pag.
1327 3398 1375 3447 396
1391 3399 1425 3458 (et

352 3475 476 3538 caspium:
510 3476 659 3538 “Euripides
675 3476 708 3524 ist
724 3476 828 3526 Dichter
845 3477 896 3524 und
917 3475 1003 3539 Organ
1021 3476 1065 3525 der
1082 3474 1266 3526 ochlokratiw

385 3552 396 3584 ²
428 3556 500 3605 Idem
516 3571 573 3620 pag.
590 3557 651 3608 579:
671 3557 725 3605 udie
742 3557 791 3607 alre
808 3556 931 3606 Komiidie
945 3558 1016 3605 stand
1024 3557 1075 3616 oud
1084 3555 1126 3604 fiel
1135 3557 1180 3604 mit
1189 3556 1233 3604 der
1242 3555 1424 3607 Ochloknria.··

382 3634 454 3684 Libri
481 3635 554 3699 hujus
580 3650 653 3698 saepo
678 3637 757 3685 adhuc
782 3637 897 3684 laudandi
923 3637 1025 3699 paginae
1050 3636 1128 3684 citabo
1155 3651 1188 3684 ex
1216 3635 1324 3701 editione
1353 3637 1423 3685 tertia

350 3714 410 3760 anni
430 3715 499 3767 1872.
