3180 5196
792 391 874 481 ‚112

302 570 474 656 Euripides
487 575 597 636 narrat
609 593 643 636 se
655 572 867 657 tragoediam,
881 594 976 660 quam
991 573 1153 640 tumidam
1166 575 1206 639 ab
1215 574 1377 660 Aeschylo

300 691 481 768 acceperat,
506 685 611 770 primo
635 691 844 768 extenuasse,
868 685 985 752 deiude
1009 707 1067 772 per
1075 687 1247 752 'monodias
1263 711 1376 755 rursus

191 868 192 872 Ἰ
299 796 448 882 opimiori
479 797 602 862 formae
635 798 834 880 restituisse,
873 798 1043 864 “admixto
1074 797 1374 884 Cephisophoute.''

299 908 430 974 Scilicet
463 909 551 974 idem
583 932 681 976 verna
714 911 782 993 (vel
806 910 987 996 discipulus
1010 912 1163 998 ingenuis
1186 912 1374 994 natalibus,

296 1026 334 1086 ut
352 1021 504 1087 nonnulli
518 1028 726 1108 putaverunt,
740 1030 897 1109 negantes
910 1024 1027 1091 servile
1037 1025 1098 1090 hoc
1113 1046 1232 1090 nomen
1244 1047 1315 1092 esse
1327 1026 1371 1112 ¹,)

295 1157 435 1221 quocum
468 1159 602 1204 uxorem
634 1138 704 1223 ejus
738 1139 968 1204 commercium
1001 1140 1119 1206 habere
1151 1159 1261 1204 rumor
1283 1144 1371 1219 erat,

222 1263 224 1267 ·
295 1249 329 1313 in
364 1249 499 1316 canticis
534 1250 767 1335 componendis
802 1250 954 1336 Euripidi
986 1272 1117 1336 operam
1146 1272 1264 1317 navare
1286 1249 1372 1316 fere-

293 1361 389 1427 batur
403 1360 434 1440 ²3
470 1362 556 1448 quod
590 1367 702 1428 utrum
736 1362 846 1449 aliqua
876 1385 916 1428 ex
949 1369 1041 1448 parte
1067 1385 1181 1430 verum
1204 1385 1246 1428 an
1270 1364 1371 1430 fuerit

293 1497 419 1542 merum
442 1480 680 1556 commentum,
705 1497 792 1540 nunc
815 1476 888 1561 quis
911 1475 1015 1542 dicati

337 1587 564 1655 Monodiarum
599 1588 849 1673 Euripidearum
882 1588 1002 1655 salsam
1039 1589 1257 1655 imitationem
1284 1588 1368 1674 legi-

291 1723 365 1768 mus
390 1702 471 1766 Rau.
496 1723 542 1768 vs.
570 1703 656 1766 1330
680 1722 749 1787 sqq.
767 1703 791 1783 ³,
822 1702 857 1765 in
874 1722 937 1787 qua
950 1701 1127 1787 peculiaria
1142 1700 1258 1787 tragici
1274 1701 1366 1783 vitia,

289 1813 521 1881 vocabulorum
555 1813 784 1898 repetitiones,
810 1813 966 1878 sermonis
990 1803 1235 1899 magnificentia
1258 1835 1367 1879 rerum

231 2001 232 2004 Ἴ
290 1913 444 1994 tenuitati
478 1949 574 2012 saepe
607 1948 723 2012 parum
756 1926 975 2012 respondens,
1008 1934 1043 1993 et
1064 1928 1099 1993 id
1121 1950 1225 2014 genus
1249 1928 1364 2012 plura,

288 2041 385 2125 plane
408 2040 521 2106 eodem
543 2040 640 2105 modo
662 2040 810 2106 ridentur
832 2041 873 2105 eb
896 2041 1058 2124 Aeschylo
1081 2062 1146 2127 quo
1168 2040 1257 2126 prius
1274 2042 1364 2107 chori

288 2154 430 2236 cantica,
464 2158 502 2219 ut
536 2153 687 2220 vidimus.
726 2153 815 2234 Quae
847 2155 887 2220 de
908 2155 967 2219 illa
991 2153 1204 2220 festivissima
1227 2154 1363 2240 parodia

318 2390 327 2422 ¹
343 2392 429 2455 Biogr.
454 2392 517 2440 Eur.
541 2391 555 2438 1
575 2390 635 2440 (11111
654 2403 713 2439 eum
731 2389 805 2438 fuisse
821 2388 945 2454 οἰκογενὲς
961 2389 1089 2454 μειράκιον
1104 2388 1247 2453 Euripidis,
1264 2396 1289 2440 et
1302 2401 1360 2440 eum

213 2479 216 2486 “
285 2480 339 2529 heri
361 2493 441 2530 uxore
466 2480 578 2528 illicitam
603 2478 808 2528 consuetudinem
831 2477 952 2528 habuisse.
985 2477 1071 2528 Affert
1091 2477 1241 2527 1111111111
1257 2475 1357 2526 Aristo-

284 2569 390 2632 phaueos
406 2569 431 2631 (e
447 2568 573 2632 Gerytade
590 2581 639 2618 sec.
656 2567 838 2630 Dindorlium):

448 2689 451 2697 ·
544 2661 697 2722 Κηφισοφῶν
714 2657 798 2720 ἄριστε
815 2657 855 2704 καὶ
872 2655 1024 2716 petissare,

542 2748 572 2795 σὺ
589 2745 619 2805 dr)
637 2743 739 2805 ξυνέζης
756 2745 790 2802 ὡς
806 2746 839 2793 τὰ
857 2741 932 2792 πόλλ’
949 2742 1085 2808 Εὐριπίδῃ,

542 2835 585 2884 sul
601 2835 752 2894 ξυνεποίεις,
770 2833 804 2890 tc
820 2842 893 2897 φασι,
911 2833 960 2892 τὴν
976 2831 1109 2897 μελῳδίαν.

316 2927 399 2976 Aliter
423 2925 456 2974 Κ.
481 2923 512 2976 Ο.
532 2923 637 2982 Miller,
654 2921 700 2973 Gr.
716 2921 795 2972 Liter.
812 2921 906 2985 gesen„
923 2920 963 2981 11,
980 2935 1039 2984 pag.
1056 2921 1117 2981 154,
1134 2918 1361 2984 Cephisophontem

283 3029 372 3065 vocans
395 3016 458 3062 “den
474 3011 725 3076 Hauptschauspieler
741 3012 784 3060 des
801 3010 943 3074 Euripides,
960 3011 1004 3060 der
1020 3010 1047 3058 in
1064 3009 1112 3058 den
1130 3009 1275 3059 Monodieiu
1292 3010 1360 3059 seine

284 3107 379 3168 ‘'ganae
395 3104 485 3154 St‘a’rke
502 3102 604 3167 111111.η

314 3193 326 3228 ¹
342 3195 444 3245 Praeter
460 3195 541 3244 locum
557 3195 583 3242 in
599 3193 757 3258 praecedenti
767 3191 925 3240 annotatione
934 3192 1036 3240 citatum
1044 3190 1094 3239 vid.
1105 3191 1168 3241 Rau.
1178 3204 1216 3238 vs.
1228 3191 1289 3242 1407
1298 3203 1359 3253 sqq,

284 3284 325 3332 ubi
354 3285 485 3332 admodum
514 3282 689 3332 contumeliose
715 3281 857 3345 Aeschylus
882 3281 908 3328 in
933 3280 982 3329 fine
1005 3280 1077 3342 longi
1101 3278 1244 3328 certaminis
1268 3276 1359 3340 poetici

283 3376 344 3424 haec
360 3375 430 3423 dicit:

540 3465 581 3513 111
599 3463 682 3527 μηκέτ’
700 3465 781 3527 ἔμοιγε
799 3460 852 3510 κατ’
870 3460 945 3520 ἔπος,
963 3459 1021 3512 ἀλλ’
1039 3460 1129 3517 11111
1146 3458 1260 3522 σταθμὸν

537 3552 628 3613 αὐτός,
646 3553 679 3600 τὰ
697 3546 783 3611 παιδί’,
801 3549 817 3609 ἡ
835 3548 913 3614 γυνή,
932 3551 1100 3613 Κηφισοφῶν,

540 3640 621 3704 ἐμβὰς
638 3639 755 3698 καθήσθω
772 3635 912 3698 συλλαβὼν
929 3637 961 3685 τὰ
977 3634 1080 3698 βιβλία.

314 3733 410 3782 Versus
432 3732 546 3794 111111.
563 3729 652 3778 afferre
668 3728 739 3786 nolo,
759 3729 850 3792 quippe
869 3739 930 3790 quos
947 3726 1111 3776 Aristarchus
1128 3725 1225 3788 spurios
1230 3722 1359 3787 judicarit.

284 3823 324 3892 (In
341 3821 419 3870 altera
434 3821 560 3870 Ranarum
577 3818 722 3869 recensione
737 3817 813 3866 111111
830 3815 905 3865 luisse
922 3822 993 3878 putat
1008 3815 1027 3868 J
1029 3851 1035 3863 .
1052 3815 1167 3878 Stauger,
1190 3813 1273 3864 Ueber
1293 3812 1354 3864 Urn-

282 3910 411 3973 arbeitung
433 3909 530 3973 einiger
549 3924 585 3958 ar.
603 3907 762 3970 Komtdien.)
796 3904 943 3961 Caeterum,
959 3904 1070 3968 quisquis
1086 3903 1140 3967 ejus
1157 3901 1255 3952 distichi
1271 3911 1357 3952 auctor

282 4007 332 4058 111,
356 3999 442 4048 alludit
463 4007 489 4048 et
503 3998 547 4048 ille
563 3999 595 4046 ad
611 3997 800 4059 auxiliumque
817 3994 993 4058 Cephisophou
1010 3993 1157 4057 Eruipidem
1172 3991 1200 4040 in
1216 4004 1290 4056 opere
1305 3996 1356 4041 tra·
1410 4025 1412 4028 .

282 4089 347 4153 giso.
363 4089 481 4152 adjuvare
506 4087 639 4138 ferebatur.
655 4113 687 4124 -
704 4087 735 4136 In
752 4083 956 4136 Acharnensibus
976 4083 1078 4147 θυρωρεῑ
1094 4081 1215 4146 Euripidi,
1233 4096 1248 4129 a
1263 4094 1312 4144 quo
1328 4079 1364 4130 ee

282 4181 388 4244 aliquem
409 4180 543 4244 sapientiae
568 4180 676 4230 colorem
697 4178 802 4227 traxisse
823 4175 930 4224 ostendit
946 4174 1017 4224 dietis
1033 4174 1085 4222 suis
1100 4173 1220 4231 eruditis,
1238 4178 1264 4220 ut
1280 4183 1356 4232 supra

269 4264 338 4333 pag.
356 4271 439 4333 11111.
457 4269 572 4318 vidimus.

315 4369 326 4403 ³
342 4364 420 4429 Apud
443 4361 601 4412 Athenaeum
617 4359 688 4410 VIII
703 4373 761 4422 pag.
776 4357 841 4408 stab
856 4357 931 4406 etlam
951 4355 1115 4406 imitationem
1131 4349 1261 4402 monodiae
1277 4346 1358 4398 Euri·

283 4462 369 4526 pideue
385 4452 436 4516 legi
452 4449 550 4514 opinor,
568 4463 601 4497 ex
619 4447 737 4497 Axioniei
752 4445 930 4510 Phileuripide.
