3180 5196
770 395 832 458 138

256 581 333 640 1125
360 597 396 638 ex
422 575 560 655 Sapiente
592 576 763 657 Melanippo
783 584 902 640 sumtus
922 583 968 638 est
989 575 1095 652 (Dind.
1116 577 1222 654 fragm.
1244 578 1338 653 487),

252 680 284 734 11
304 693 339 734 er
361 671 527 734 Erechtheo
549 692 591 733 vs.
615 675 707 746 1131,
729 673 809 752 quod
830 680 1020 734 tamencum
1040 671 1178 732 Nauolrio
1200 671 1338 750 (Fregm.

254 772 312 830 365
335 769 440 848 Dind.)
460 767 571 828 rectius
591 768 699 829 referas
721 769 758 829 ad
780 788 823 830 vs.
847 773 934 830 1135.

293 863 369 924 Vere
399 863 436 923 ad
457 862 658 940 fragmentum
676 861 862 942 Melanippes
881 862 985 923 scribit
1005 861 1183 940 Wagnerns:
1217 859 1338 921 “Schol.

255 958 315 1019 “ad
340 977 383 1019 vs·
405 960 542 1034 αὐτὴ-
565 957 629 1044 ’ἔχω
650 961 1014 1046 1111101111ὁστίχοςέκ
1042 966 1145 1043 σοφῆς
1172 955 1336 1022 Μελανίπ-

254 1058 336 1129 “πης
363 1048 546 1140 Εὐριπίδου.
589 1051 647 1112 Sed
675 1051 784 1132 reliqui
811 1071 928 1132 quoque
954 1051 1149 1131 Euripideum
1169 1052 1338 1112 orationem

255 1148 409 1226 “sapinnt,
434 1153 470 1208 ut
496 1165 559 1220 eos,
582 1147 608 1207 si
629 1146 666 1207 ab
688 1146 832 1226 Euripide
853 1166 913 1208 non
936 1148 981 1208 ita
1002 1147 1127 1226 profecti
1149 1152 1234 1219 sunt,
1255 1152 1338 1207 oerte

255 1243 407 1322 “proxime
435 1241 473 1302 ad
498 1240 727 1320 Euripideorum
749 1261 887 1303 versuum
909 1241 1077 1320 exemplum
1097 1241 1183 1302 fictos
1204 1259 1266 1302 esse
1287 1240 1339 1318 ju-

256 1337 435 1398 “dieandum
457 1337 530 1398 sit.”

295 1433 379 1495 Idem
397 1439 523 1494 annotat
548 1451 650 1494 versus
672 1431 943 1516 Ὀλυμπίασιν-
966 1437 1141 1520 περαίνεται
1157 1432 1340 1512 Euripideos

254 1529 347 1590 videri
369 1528 576 1607 (quodetiam
597 1533 697 1589 censet
719 1527 856 1588 Dindorf.
876 1528 909 1588 in
924 1527 1025 1589 adnot.
1043 1527 1081 1588 ed
1095 1527 1216 1609 sohel),
1238 1534 1269 1589 et
1290 1529 1338 1588 ul·

255 1626 363 1685 timum
395 1628 515 1702 “aperte
546 1622 685 1702 Euripidi
711 1622 859 1683 tributum
884 1643 946 1684 esse
974 1642 1138 1702 agramm.
1159 1624 1192 1683 in
1212 1623 1340 1684 Baohrn.

254 1709 366 1780 Aneod'.
387 1719 438 1779 Gr.
461 1718 476 1777 1
498 1737 567 1797 pag.
591 1723 664 1789 191,
687 1722 756 1779 36.”
798 1717 904 1791 (Dind.
926 1720 1033 1797 fragm.
1059 1720 1143 1796 365.)

293 1874 489 1953 marmopn.
510 1892 553 1933 vs.
576 1878 627 1934 21:

414 1970 483 2034 οἶόν
503 1996 532 2033 τι
552 1997 614 2034 που
637 1973 717 2035 ’στὶν
739 1974 769 2034 αἱ
789 1968 885 2055 σοφαὶ
909 1967 1087 2043 ξυνουσίαι·

254 2062 390 2123 Imitatio
412 2061 517 2141 tragici
538 2082 652 2123 versus:

415 2165 510 2243 σοφοὶ
534 2162 685 2247 τύραννοι
706 2165 770 2225 τῶν
792 2163 902 2246 σοφῶν
924 2157 1093 2244 ἔννουσίρ,

253 2271 341 2332 quem
361 2252 463 2325 multi,
486 2258 516 2312 et
536 2254 685 2314 intereos
707 2253 810 2326 Plato,
828 2253 966 2332 Euripidi
981 2253 1160 2327 tribuerunt,
1176 2253 1339 2315 scholiasta

254 2354 368 2420 temen,
397 2353 428 2407 11
458 2353 537 2408 reete
565 2354 601 2408 11
631 2348 763 2422 videtur,
799 2349 955 2412 contendit
986 2368 1022 2409 ex
1057 2348 1211 2428 Sophoclis
1241 2348 1338 2426 Ajaee

255 2443 348 2503 Locro
377 2447 510 2502 sumtum
541 2461 617 2514 esse;
649 2441 746 2517 addit,
767 2443 841 2504 satis
861 2443 979 2521 jejune,
1001 2443 1065 2504 fieri
1086 2463 1171 2523 posse
1192 2450 1227 2504 nt
1248 2443 1337 2504 Euri-

254 2536 337 2616 pides
358 2535 484 2596 eundem
505 2556 623 2598 versum
643 2538 816 2616 protulerit,
839 2539 858 2614 ἢ
881 2538 939 2604 οὐν
959 2536 1099 2619 ἐπίτηδες
1118 2541 1171 2605 ἵνα
1192 2543 1338 2614 καὶτοὺς

254 2632 379 2706 ἄλλους
410 2629 603 2720 ἐξαπατήσῃ,
636 2634 655 2708 ἢ
687 2637 902 2717 συνέμπτιυσις
931 2633 1089 2721 Σοφοκλεῖ
1110 2640 1158 2700 καὶ
1181 2631 1337 2721 Εὐριπίδῃ

255 2729 384 2814 ἐγένετο.
407 2761 446 2770 -
479 2726 576 2805 Plagii
598 2727 772 2808 Euripidem
793 2728 831 2789 ab
852 2727 1052 2807 Aristophane
1073 2728 1194 2808 oblique
1214 2729 1337 2808 coargui

254 2822 315 2900 jam
338 2822 399 2881 dixi
420 2840 548 2882 menon
569 2822 685 2882 eredere
706 2824 738 2882 in
759 2830 859 2884 annot.
883 2830 900 2884 2
923 2843 990 2903 pag.
1014 2829 1063 2886 56.

911 2920 1023 2984 (Fragm.
1040 2919 1117 2982 Soph.
1137 2919 1270 2980 111111.)

297 3060 379 3124 111111.
408 3079 450 3120 11.
476 3064 532 3120 120
554 3061 586 3120 in
606 3061 775 3140 Agathonis
795 3062 912 3122 cantico
934 3064 1092 3149 κρούμοτα
1113 3058 1245 3136 ὐσιιίδος
1268 3060 1338 3140 (pro
1359 3025 1364 3061 ί

256 3183 302 3242 κρ.
320 3154 464 3240 κιθάρας)
481 3155 518 3214 ab
534 3155 734 3235 Aristophane
748 3157 843 3236 petita
859 3162 930 3218 sunt
945 3174 980 3215 11
992 3155 1145 3235 Euripidis
1159 3155 1336 3216 Erechtheo.

905 3252 1019 3315 (magu.
1037 3252 1099 3300 Eur.
1116 3250 1162 3301 371
1181 3250 1270 3313 Dind.)

299 3389 380 3452 ltin.
403 3407 445 3449 vs.
471 3395 526 3451 177
549 3407 592 3468 sq.
616 3389 773 3468 Euripides
794 3390 836 3450 sio
857 3390 1020 3468 alloquitur
1041 3392 1243 3471 Agathonem:

419 3483 580 3570 Ἀγάθων,
603 3491 706 3570 σοφοῦ
728 3487 810 3573 πρὸς
833 3481 969 3571 ἄνδράς,
992 3491 1080 3562 ὅστις
1105 3491 1138 3553 ἐν
1157 3486 1275 3577 βραχεῖ

418 3579 565 3654 πολλοὺς
587 3579 693 3654 καλῶς
716 3580 786 3653 οἶός
807 3607 838 3644 τε
861 3584 1039 3664 συντέμνειν
1061 3583 1194 3669 λόγους·

298 3672 344 3731 Ex
365 3672 518 3751 Euripidis
539 3673 645 3746 lisola,
667 3674 719 3733 nbi
741 3674 784 3734 ita
805 3674 969 3752 legebatur:

419 3765 540 3843 παῖδες,
563 3776 665 3854 σοφοῦ
686 3771 770 3856 πρὸς
792 3765 927 3857 ἀνδρός,
951 3773 1039 3845 ὅστις
1061 3776 1094 3836 ἐν
1114 3769 1232 3859 βραχεῖ

419 3862 566 3938 πολλοὺς
587 3863 710 3949 λόγους
733 3865 802 3938 οἶός
822 3892 853 3928 τε
876 3868 1053 3948 συντέμνειν
1080 3866 1194 3942 καλῶς·

999 3961 1114 4024 (Frugm.
1131 3963 1164 4010 28
1181 3960 1270 4022 Dind.)

303 4045 383 4109 111111.
406 4066 448 4106 11.
474 4053 530 4107 193
552 4065 618 4126 sqq:

292 4142 398 4217 Αραίίι.
422 4140 584 4230 Εὐριπίδη.

501 4238 575 4298 Eur.
597 4243 627 4302 τί
652 4239 748 4313 ἐ’στιν;

662 4360 768 4436 Apelt.
791 4363 942 4438 ἐποίησάς
964 4389 1039 4429 ποτε

422 4457 563 4540 “χαίρεις
586 4457 670 4542 ὁρῶν
693 4460 778 4540 φῶς,
800 4457 915 4543 πατέρα
939 4455 964 4522 δ’
987 4460 1025 4523 οὐ
1043 4462 1163 4544 χαίρειν
1183 4455 1317 4532 torric?
