3154 5198
736 394 774 456 15

218 577 338 660 riosus,
374 577 583 660 mulierosus,
618 577 651 640 in
686 579 787 642 Ranis
816 578 949 642 offertur
972 577 1138 644 cachinnis
1162 583 1288 663 specta-

218 697 344 769 torum3
371 691 509 756 Hermes
533 690 619 756 farne
632 695 768 756 vexatus
782 680 916 776 apparet
929 691 962 754 in
976 691 1068 756 Pluti
1078 691 1154 774 fine,
1167 712 1187 756 a
1199 713 1290 758 servo

219 804 281 870 sibi
304 805 399 890 panis
423 809 565 869 crustam
577 808 702 888 peteus3
716 804 802 868 idern
816 826 926 870 servus
938 804 1036 889 paulo
1048 809 1125 869 ante
1148 805 1292 870 narravit

218 926 258 982 ut
279 916 474 1002 Aesculapio
497 917 531 980 in
555 916 624 1001 ejus
648 917 724 981 fano
737 907 905 1002 opped'erit
916 918 1089 1001 praesenti.
1117 918 1157 982 Iu
1168 919 1291 984 Avium

220 1031 402 1096 salsissima
411 1029 577 1095 comoedia
584 1029 803 1094 Athenienses
812 1028 888 1112 dno,
902 1029 1012 1094 avium
1024 1031 1117 1114 genti
1129 1030 1292 1116 imperan-

135 1181 137 1186 ·
220 1150 290 1226 tes,
320 1143 397 1208 deos
429 1165 449 1208 a
477 1149 562 1206 terra
584 1141 825 1225 intercludunt,
850 1163 930 1227 qnos
954 1163 1031 1207 mox
1054 1140 1293 1229 βουλιμιῶντας

220 1260 343 1340 cogunt
378 1276 487 1319 secum
521 1253 649 1338 pacisci.
699 1253 855 1339 Ejusdem
889 1253 1012 1321 farinae
1043 1255 1078 1320 hi
1111 1278 1222 1321 versus
1255 1256 1289 1348 in

221 1368 320 1434 Pluto
343 1368 505 1450 videntur,
531 1367 570 1432 de
594 1368 665 1452 ipso
686 1367 769 1433 Jove
793 1367 890 1452 dicti,
919 1390 965 1434 vs.
994 1372 1056 1433 124
1080 1390 1169 1455 sqq.:

422 1480 476 1546 οἴει
497 1482 561 1568 γὰρ
583 1481 660 1547 εἶναι
682 1483 738 1557 τὴν
761 1483 840 1556 Διὸς
862 1477 1032 1568 τυραννίδα

421 1591 468 1650 καὶ
490 1590 564 1661 τοὺς
586 1590 756 1673 κεραυνοὺς
777 1584 888 1662 ἆξέους
908 1585 1102 1674 τριωβόλου,

422 1693 475 1757 ἐὰν
497 1689 688 1777 ἀναβλέψῃς
710 1693 749 1756 σὺ
771 1691 829 1757 κᾶν
849 1693 961 1777 μικρὸν
983 1692 1145 1777 χρόνουςΙ

267 1810 386 1876 Parum
413 1816 593 1875 reverenter
619 1809 720 1895 igitur
738 1810 832 1895 ioqni
856 1809 981 1875 solebat
1003 1811 1044 1875 de
1066 1810 1148 1890 diis;
1173 1812 1294 1899 impius

222 1935 332 1989 tamen
367 1924 475 1988 vocari
511 1924 602 1988 nullo
629 1931 724 2009 pacto
746 1923 895 2008 volebat,
921 1924 1001 2011 quin
1024 1925 1095 2008 ipse
1118 1925 1182 1991 sibi
1205 1928 1295 1994 vide-

221 2039 317 2103 batur
346 2057 417 2102 esse
451 2036 535 2121 pins.
585 2036 648 2103 Sed
682 2037 806 2102 cultum
840 2036 935 2101 illum
965 2037 1115 2120 deorum,
1140 2039 1196 2104 vix
1217 2040 1295 2107 ullis

221 2150 445 2217 fundamentis
469 2151 650 2234 nitentem,
676 2151 705 2216 si
728 2151 800 2237 quis
824 2150 960 2216 rationis
976 2151 1076 2217 armis
1093 2152 1294 2237 sollicitaret,

222 2264 393 2330 defendere
417 2284 483 2327 non
504 2268 635 2348 poterat
649 2269 673 2345 2,
694 2284 794 2348 eoque
806 2263 933 2348 aegrius
949 2262 1031 2327 ferre
1047 2263 1160 2329 debuit
1173 2265 1295 2349 quasli-

255 2415 263 2448 ¹
280 2416 346 2466 Vide
370 2422 499 2478 praeterea
522 2414 661 2464 Bemhard.
682 2415 708 2462 ll.
727 2429 784 2477 pag.
801 2415 862 2463 621:
897 2415 971 2464 “Wir
987 2414 1087 2464 konnen
1105 2415 1232 2465 vielleicht
1249 2432 1297 2465 nur

219 2506 261 2555 dis
283 2505 429 2568 wintigsteu
453 2503 554 2566 Kapitel
577 2504 620 2552 der
646 2504 745 2569 γελοῖαι
764 2503 839 2552 kanm
856 2504 938 2552 ahnen
955 2505 1000 2553 wir
1017 2505 1057 2554 die
1074 2504 1218 2554 schlimmeu
1236 2507 1297 2554 Tra-

219 2595 314 2646 vestien
331 2595 383 2644 und
398 2592 530 2642 bnrloskeu
547 2591 644 2642 Socneu
664 2607 709 2640 ans
726 2594 770 2640 der
789 2592 970 2655 Mythologio„
982 2631 1003 2642 ..
1026 2594 1102 2643 deren
1113 2595 1298 2658 Aristophanes

220 2692 294 2734 unter
310 2686 358 2733 den
373 2683 540 2746 abgenntzteu
556 2681 702 2731 komischen
718 2682 832 2731 Theman
848 2682 927 2746 Vesp.
942 2684 975 2732 60
991 2684 1124 2746 gedcnkt.''
1141 2693 1188 2733 etc.

253 2773 311 2823 ²111
327 2773 442 2824 Nubibus
457 2779 516 2820 sunt
532 2785 620 2820 versus
637 2771 729 2834 aliquot
745 2771 786 2834 qui
803 2771 865 2819 mihi
882 2771 971 2820 bacin
987 2787 1015 2821 re
1025 2787 1075 2821 uon
1084 2775 1171 2839 exigui
1180 2776 1298 2824 momenti

221 2864 344 2912 ridentur.
361 2862 411 2911 Illo
428 2863 481 2911 loco
497 2863 527 2910 de
545 2860 655 2910 fulminis
663 2875 737 2910 causa
745 2861 837 2923 agitur.
848 2860 932 2911 Senex
940 2862 1142 2914 rusticusatove
1149 2866 1246 2927 repetit,
1255 2865 1297 2915 So-

220 2964 301 3002 crates
320 2961 404 3002 autem
415 2959 494 3015 rogat:
510 2951 569 3014 “qui
585 2950 640 3000 fieri
648 2950 734 3014 possit,
743 2949 764 2998 si
774 2950 876 3014 Jupiter
884 2951 969 2999 mittat
975 2950 1081 3015 fulgura,
1091 2963 1118 3004 nt
1127 2956 1172 3017 (vs.
1180 2957 1230 3005 399
1237 2955 1299 3018 sqq.)

713 3043 770 3106 οὐχὶ
788 3041 878 3107 Σίμων’
896 3041 1047 3107 ἐνέπρησεν,

289 3135 344 3184 οὐδὲ
362 3135 516 3197 Κλεώνυμον
533 3132 589 3182 οὐδὲ
607 3131 718 3195 θέωρον;
736 3132 816 3180 καίτοι
833 3132 927 3196 σφόδρα
945 3131 969 3196 γ’
986 3131 1029 3181 εἳσ’
1047 3133 1163 3196 ἐπίορκοι.

289 3222 357 3271 ἀλλὰ
373 3223 420 3272 τὸν
436 3221 516 3270 αὑτοῦ
533 3238 561 3284 γε
578 3219 642 3270 νεὼν
658 3219 751 3282 βάλλει
768 3220 809 3268 rai
827 3219 935 3269 Σούνιον
952 3221 1030 3284 ἄκρον
1047 3219 1170 3280 Ἀθηνέων

289 3314 330 3362 καὶ
347 3313 393 3369 τὰς
410 3309 471 3374 δρῦς
488 3311 534 3366 τὰς
551 3309 671 3373 μεγάλας·
689 3309 713 3357 τί
731 3308 834 3367 waddo,
852 3309 881 3357 οὐ
899 3310 946 3374 γὰρ
963 3307 994 3367 δὴ
1012 3307 1071 3373 δρῦς
1088 3307 1110 3373 γ’
1127 3310 1260 3374 ἐπιοραεῖ.”

223 3402 291 3462 Quid
308 3415 369 3450 vcro
384 3400 516 3463 respondet
534 3398 688 3461 Strspsiades
705 3412 781 3446 senex
796 3399 828 3446 ud
844 3397 1299 3463 hancminimevnnamqnaestionam,

223 3507 299 3555 quarn
322 3500 373 3540 tam
396 3489 461 3553 aptis
486 3488 569 3537 verbis
594 3486 735 3549 exprimere
759 3500 809 3534 uon
834 3487 954 3550 potuisset
970 3487 1165 3551 Aristophanes,
1181 3488 1230 3536 nisi
1247 3488 1300 3553 ipss

223 3596 299 3644 quam
315 3580 398 3644 gravis
415 3587 479 3629 esset
496 3578 616 3627 sentiret?
641 3576 704 3626 nihil
720 3584 819 3640 praeter
836 3577 1050 3626 haecduoverba:
1069 3579 1113 3627 οὐκ
1122 3577 1187 3628 οἶδα.
1206 3578 1301 3637 Sicest,

223 3671 360 3730 nesciebat,
385 3678 410 3720 st
427 3670 481 3733 ipse
499 3675 573 3732 posta
589 3667 721 3726 nesciebat,
739 3667 783 3715 sed
799 3667 862 3716 seire
878 3681 929 3716 non
946 3667 1056 3717 curabat.
1090 3669 1154 3718 Tam
1171 3668 1262 3717 flexilis
1278 3670 1300 3718 ei

223 3767 264 3808 est
280 3760 391 3810 doctrina
407 3762 437 3809 de
454 3759 514 3817 diis,
531 3767 559 3807 ut
574 3758 668 3808 Jovem
684 3763 811 3819 potentem
829 3757 952 3820 simulque
966 3766 1092 3820 potentem
1103 3757 1216 3808 Aethera
1224 3759 1301 3821 possit

224 3850 392 3930 revereri,‘nt
408 3849 546 3900 ostenditur
562 3848 609 3896 hoe
625 3847 735 3905 cantico,
752 3847 793 3895 ubi
811 3847 877 3896 seria
893 3855 1007 3911 aguntur,
1025 3848 1091 3896 Ναὶ).
1108 3863 1144 3894 vs.
1154 3848 1298 3899 ota-570:

421 3937 622 4004 ὑψιμέδοντα
646 3938 700 4002 μὲν
725 3935 803 3985 θεῶν
865 3997 868 4001 ¹

421 4031 505 4087 Ζῆνα
531 4027 692 4090 τύραννον
716 4026 742 4084 ἐς
759 4026 837 4088 χορὸν

422 4121 510 4181 πρῶτα
527 4115 609 4180 μέγαν
626 4113 759 4173 κικλήσκω·

420 4207 466 4254 τόν
483 4222 509 4254 τε
525 4205 667 4266 μεγασθενῆ
685 4204 801 4266 τριαίνης
817 4201 922 4265 ταμίαν,

422 4300 470 4361 γῆς
489 4295 573 4344 τεκαὶ
592 4293 706 4357 ἁλμυρᾶς
724 4292 856 4352 θαλάσσης
873 4292 962 4356 ἄγριον
976 4291 1127 4354 μοχλευτήν·

421 4385 472 4433 sai
498 4383 725 4454 μεγαλώνυμον
749 4379 902 4445 ἡμέτερον
927 4380 1033 4443 πατέρ’

424 4472 537 4538 Αἰθέρα
562 4477 775 4536 σεμνότατον,
802 4470 1023 4534 βιοθρέμμονα
1043 4472 1180 4521 πάντων.
