3180 5196
733 377 793 448 1'27

263 571 347 635 lbld.
369 591 411 631 vs,
434 575 490 631 659
513 590 588 649 rqq.:

383 671 465 753 πρὸς
484 676 579 732 ταῦτα
607 668 719 733 Κλέων
741 673 789 731 καὶ
813 665 1011 749 παλαμάσθω

383 768 430 826 καὶ
452 767 516 827 πάν
538 763 584 826 ἐπ’
607 766 673 845 ἐμοὶ
692 759 909 828 τεκταινέσθω·

384 859 505 943 τὸ.γὰρ
528 856 560 922 zi:
581 859 643 940 μετ’
666 861 739 941 ἐμοῦ
758 862 806 921 καὶ
829 859 865 921 τὸ
887 853 1010 921 δίκαιον

386 948 553 1039 ξύμμαχον
576 953 679 1026 ἔσται,
704 953 759 1017 κοῦ
781 949 916 1034 μήποθ’
940 951 1007 1014 ἁλῶ

384 1052 451 1132 περὶ
472 1051 529 1121 τὴν
550 1046 647 1112 πόλιν
670 1049 728 1116 dv,
750 1049 855 1132 ὥσπερ
880 1048 1012 1118 ἐκεῖνος,

387 1139 491 1215 δειλὸς
513 1147 561 1206 καὶ
583 1144 828 1228 λακαταπύγων·

266 1235 348 1294 Haec
369 1235 567 1296 imitationem
588 1237 742 1297 continent
762 1237 820 1296 loei
842 1234 1008 1313 Euripidei,
1028 1233 1106 1314 apud
1117 1234 1300 1294 Clementem

222 1329 309 1389 Alex.
331 1330 374 1390 sic
396 1330 536 1390 exhibiti:

385 1429 470 1511 πρὸς
489 1425 574 1491 ταῦθ’
598 1431 665 1492 ὅτι
688 1429 750 1513 χρὴ
774 1432 822 1491 καὶ
841 1424 1042 1507 παλαμάσθω

387 1527 436 1585 καὶ
455 1526 520 1586 πᾶν
541 1523 585 1586 ἐπ’
607 1525 672 1604 ἐμοὶ
692 1520 904 1587 τεκταινέσθω·

388 1618 423 1680 τὸ
448 1617 511 1701 γάρ
534 1616 566 1681 εὖ
587 1618 648 1700 μετ’
671 1620 744 1700 ἐμοῦ

389 1716 436 1775 καὶ
459 1715 495 1776 τὸ
517 1709 637 1777 δίκαιον
660 1716 828 1799 σύμμαχον
847 1713 946 1783 ἔσται,

389 1806 444 1869 κού
465 1808 506 1885 μή
528 1804 601 1870 ποθ’
620 1805 689 1870 άλὼ
713 1807 787 1869 κακά
809 1806 975 1890 πράσσων·

269 1897 387 1958 Partem
407 1897 499 1976 hujus
519 1899 576 1958 loci
598 1898 671 1959 citat
695 1899 754 1958 Oie.
777 1898 814 1958 ad
835 1898 901 1958 Att.
921 1898 1016 1970 VIII,
1041 1905 1058 1959 8
1081 1901 1132 1972 (ef.
1154 1899 1212 1973 VI,
1237 1904 1277 1973 1.)

960 1994 1070 2057 (Frugm.
1088 1996 1138 2045 910
1155 1995 1239 2052 Dind.)

270 2105 351 2168 ltid.
373 2125 414 2165 vs.
437 2110 494 2168 893
516 2124 559 2184 sq.
581 2105 617 2166 de
638 2107 771 2185 anguilla
792 2105 978 2185 Dicaeopolir
998 2107 1042 2166 ita
1061 2107 1205 2186 loquitur:

710 2199 867 2289 μηδὲγὰρ
891 2201 996 2267 θανών
1017 2229 1091 2266 ποτε

390 2303 448 2360 σοῦ
467 2302 568 2383 χωρὶς
590 2295 654 2371 εἵην
677 2296 1014 2379 ἐντετευτλανωμένης,

227 2391 351 2450 imitans
372 2390 461 2450 verba
481 2409 517 2450 ex
538 2390 691 2470 Euripidis
711 2390 875 2463 Alcestide,
898 2390 950 2450 ubi
970 2390 1116 2451 Admetus
1137 2393 1179 2452 sie
1200 2393 1235 2453 de
1252 2414 1304 2454 sna

229 2505 319 2546 uxore
340 2485 397 2561 (vs.
419 2490 476 2547 367
499 2490 569 2564 sq.):

711 2579 785 2664 μηδὲ
808 2585 872 2669 γὰρ
896 2580 1000 2647 θανιύυ
1021 2610 1095 2647 ποτε

392 2685 450 2744 σοῦ
472 2678 573 2766 χωρὶς
596 2677 676 2753 εἵην,
698 2687 753 2752 τῆς
774 2681 876 2759 μόνης
894 2688 1006 2752 πιστῆς
1029 2681 1103 2760 ἐμοί·

273 2849 378 2927 liquit·
400 2866 442 2907 vs.
465 2850 515 2907 15:

393 2948 462 3018 πῶς
483 2943 522 3009 ἂν
545 2947 583 3008 σύ
604 2970 656 3024 μοι
678 2940 799 3016 λέξειας
819 2942 874 3025 ἁμὲ
898 2943 961 3027 χρὴ
980 2940 1096 3017 λέγειν;

274 3038 409 3117 Euripid.
431 3037 555 3116 Hippoi.
578 3055 623 3096 vs.
643 3040 712 3096 345.
733 3071 772 3078 -
795 3033 939 3095 Similiter
958 3054 1059 3095 versus
1081 3041 1132 3095 80:

395 3136 560 3221 κράτιστον
583 3131 641 3196 οὖν
664 3137 728 3218 νῷν
747 3128 917 3196 ἀποθανεῖν

233 3227 425 3289 conferendus
453 3233 498 3287 eut
525 3246 593 3287 cum
621 3226 742 3305 Hippol.
775 3245 817 3285 vs.
846 3229 917 3285 401:
947 3224 1108 3290 κατθανεῖν
1139 3224 1225 3300 ἔδοξέ
1255 3255 1307 3310 μοι

234 3328 409 3412 κράτιστον·

275 3467 358 3531 ltrd.
378 3487 421 3527 vs.
443 3471 513 3526 214:

394 3564 522 3649 τάραττε
545 3566 593 3626 καὶ
614 3560 738 3649 χόρδευ’
761 3566 840 3645 ὁμοῦ
861 3565 899 3627 τὰ
925 3564 1102 3650 πράγματα·

276 3656 384 3717 schol-2
415 3654 576 3744 napqidnue
608 3659 663 3722 τὸν
689 3654 810 3742 ἴαμβον
834 3655 868 3731 ἐξ
888 3655 1101 3745 Ἡρακλειδῶν
1125 3656 1305 3745 Εὐριπίδου.

237 3753 275 3811 In
295 3771 329 3813 ee
349 3759 447 3812 tamen
469 3752 569 3811 fabula
589 3752 659 3812 talis
679 3771 780 3812 versus
801 3771 861 3813 non
881 3753 1017 3815 occurrit.

630 3851 632 3854 '
960 3849 1072 3910 (Fragm.
1089 3849 1138 3900 847
1156 3848 1242 3909 Dind.)

278 3959 360 4024 ltld.
382 3979 423 4020 VS.
445 3965 517 4020 813:
922 4001 927 4008 ·
1000 3999 1004 4009 ·

397 4057 420 4120 ὦ
442 4056 538 4131 πόλις
553 4055 706 4143 Ἄργους,
731 4054 834 4121 κλύεθ’
856 4057 906 4121 οἷα
925 4055 1018 4140 λέγει,

278 4149 349 4209 Tria
368 4150 467 4229 priora
487 4151 576 4210 verba
596 4150 756 4212 secundum
777 4150 868 4211 schol.
889 4150 984 4230 petita
1004 4156 1075 4210 sunt
1100 4169 1135 4209 ex
1155 4148 1308 4228 Euripidis

238 4244 381 4323 Telephe,
413 4246 471 4305 tria
502 4246 610 4305 ultima
640 4264 675 4305 ex
706 4245 811 4305 Medea
832 4245 888 4321 (vs.
918 4246 998 4322 168).
1040 4243 1097 4304 Sed
1116 4262 1208 4323 quum
1228 4244 1307 4304 idem

238 4357 339 4400 versus
363 4347 496 4401 occurrat
517 4342 549 4401 in
571 4341 660 4401 Pluto
680 4341 777 4420 (601),
800 4341 895 4400 multo
917 4340 1107 4400 verisimilius
1125 4346 1170 4400 est
1190 4358 1250 4400 non
1272 4358 1307 4399 ex

239 4433 354 4496 duobus
369 4436 441 4496 loeis
458 4436 626 4516 Euripideis
648 4456 710 4498 esee
725 4437 893 4509 conflatum,
913 4435 964 4497 sed
985 4436 1134 4514 integrum
1156 4435 1187 4494 in
1208 4435 1307 4513 aliqua
