3180 5196
757 378 818 440 139

313 563 387 624 Ειιι.
407 561 518 648 ἔγωγε.

408 656 515 732 Αριιίίι.
537 658 578 739 μή
601 683 660 720 νυν
683 652 817 742 ἐλπίσῃς
838 655 875 719 τὸ
898 657 957 721 σὸν
979 659 1074 723 κακὸν

408 753 490 834 ἡμᾶς
511 747 648 837 ὑφέξειν·
673 749 722 816 καὶ
745 751 808 837 γὰρ
831 749 870 814 ἂν
891 749 1061 833 μαινοίμεθ’
1083 752 1133 817 ἄν·

288 848 397 910 Versus
417 864 505 925 quem
526 849 640 923 spectat
660 843 802 923 Agathou
823 850 868 904 est
889 843 1050 908 Alcestidis
1073 848 1233 918 6913conf.
1245 847 1326 908 Nub.

246 963 290 1004 vs.
315 945 403 1002 1415.

289 1110 371 1174 lbld.
393 1129 436 1169 vs.
461 1111 519 1169 198
540 1127 597 1187 sq.:
631 1181 633 1184 Ι

336 1241 339 1248 ·
408 1205 465 1279 τὰς
487 1202 651 1290 ξυμφορὰς
672 1202 735 1290 γὰρ
758 1205 832 1289 οιίχὶ
854 1212 923 1277 τοῖς
945 1204 1160 1289 τεχνάσμασιν

408 1301 510 1386 φέρειν
533 1295 669 1369 δίκαιον,
692 1295 778 1362 ἀλλὰ
800 1306 869 1372 τοῖς
890 1294 1079 1379 παθήμασιν·
1164 1361 1170 1378 ,

290 1393 358 1452 Sine
390 1393 481 1453 dubio
511 1393 583 1452 haec
614 1410 731 1470 quoque
752 1397 823 1451 sunt
844 1391 1014 1470 Euripides.
1037 1391 1093 1452 Sed
1114 1392 1191 1453 unde
1213 1395 1328 1453 sumta?

247 1488 360 1548 Tacent
381 1487 502 1548 scholia.

290 1681 370 1744 lbld.
392 1699 436 1741 vs.
458 1685 515 1742 272
538 1678 696 1759 Euripides
717 1680 759 1739 sic
778 1678 861 1757 jurat
877 1678 1062 1739 Mnesilocho
1077 1698 1107 1739 se
1122 1680 1150 1739 ei
1171 1686 1329 1740 venturum

185 1795 191 1810 ·
248 1776 358 1836 auxilio
378 1777 404 1836 si
425 1775 525 1836 adsint
546 1775 688 1854 pericula:

290 1874 363 1934 Eur·
411 1877 522 1957 ὄμνυμι
544 1877 653 1938 τοίνυν
676 1871 770 1960 αἰθέρ’
793 1871 912 1946 οίκησιν
936 1874 1025 1946 Διός·

289 1969 381 2029 Mna.
402 1973 433 2034 τί
453 1967 582 2052 μᾶλλον
603 1967 622 2042 ἢ
641 1969 698 2043 τὴν
717 1966 950 2054 Ἱπποκράτους
969 1963 1144 2039 ξυνοικίανι

289 2063 361 2124 Eur·
410 2067 523 2147 ὄμνυμι
544 2068 652 2128 τοίνυν
675 2063 798 2136 πάντας
821 2058 921 2147 ἄρδην
943 2065 1018 2135 τοὺς
1040 2059 1143 2136 θεοίις·

289 2159 383 2218 Μηθδ.
404 2163 543 2242 μέμνησο
566 2162 674 2222 τοίνυν
695 2154 792 2228 ταῦθ’,
816 2160 863 2222 ὅτι
884 2158 903 2231 ἡ
926 2157 1009 2244 φρὴν
1030 2155 1167 2237 ὤμοσεν,

408 2255 427 2328 ἡ
449 2253 578 2339 γλῶττα
600 2249 626 2317 δ’
649 2251 706 2317 αιἰκ
727 2251 872 2335 ὀμώμοκ’,
895 2248 962 2317 οὐδ’
985 2251 1105 2338 ὣρκωσ’
1127 2253 1199 2336 ἐγώ.

290 2347 423 2408 Primum
434 2346 540 2407 horum
545 2364 683 2406 versuum
694 2344 785 2405 schol.
794 2345 870 2405 dicit
880 2363 942 2406 esse
953 2364 988 2405 ex
999 2343 1181 2423 Melanippe.
1193 2345 1328 2425 (Supplez

249 2443 401 2522 Sapiente,
423 2460 439 2502 e
459 2440 571 2502 scholio
593 2440 670 2500 Rau.
682 2459 725 2501 vs.
739 2445 797 2500 100
813 2439 985 2512 emendato,
1003 2439 1064 2500 rid.
1076 2438 1219 2500 Valcken.
1232 2440 1328 2501 Diatr.

248 2557 317 2617 pag.
340 2539 401 2615 49).
422 2535 471 2596 Ad
491 2536 588 2596 locum
610 2535 763 2595 Ranarum
783 2535 941 2596 laudatum
962 2534 1095 2595 scholion
1117 2535 1160 2595 sic
1175 2535 1250 2597 citat
1259 2554 1331 2595 eun·

249 2633 318 2693 dem
339 2650 456 2693 versum
477 2629 684 2708 Euripideum:

412 2729 524 2810 ὄμνυμι
545 2723 571 2791 δ’
593 2728 662 2812 ἱρὸν
684 2723 788 2813 αἰθέρ’,
812 2725 933 2800 οίκησιν
956 2727 1045 2800 Διός·

981 2821 1095 2884 (Fragm.
1112 2822 1157 2870 491
1177 2821 1266 2885 Dind.)

252 2901 290 2961 In
311 2901 425 2961 ultimis
446 2899 602 2979 respicitur
622 2904 712 2959 notus
732 2899 783 2960 ille
805 2898 964 2978 Hippolyti
984 2899 1067 2961 locus
1090 2919 1130 2961 vs.
1155 2904 1222 2961 612.

295 3096 376 3159 lbld.
397 3114 440 3156 vs.
463 3099 520 3155 401
544 3113 621 3174 sqq.:

788 3190 847 3256 κᾶν
867 3188 990 3277 ἐκβάλῃ
1011 3189 1133 3266 (mulier
1153 3191 1310 3272 nimirum)

414 3288 525 3360 σκεῦός
548 3313 575 3350 τι
597 3285 672 3350 κατὰ
695 3287 753 3361 τὴν
775 3288 875 3350 οἰκίαν
898 3283 1102 3368 πλανωμένη,

415 3383 493 3468 ἀνὴρ
516 3371 630 3466 ἐρωτᾷ·
655 3384 719 3467 “qu
742 3383 886 3467 κατέαγεν
908 3381 927 3455 ἡ
949 3383 1062 3467 χάτρα;

415 3478 493 3541 “οὐκ
515 3473 579 3540 ἔσθ’
603 3479 691 3550 ὅπως
710 3475 747 3541 οὐ
768 3481 813 3562 τῷ
836 3472 994 3562 Κορινθίῳ
1016 3471 1124 3561 ξένῳ.”

295 3569 453 3631 Deridetur
489 3570 570 3631 locus
605 3569 799 3648 Euripideus,
835 3587 922 3649 quem
953 3569 1082 3629 breviter
1113 3571 1265 3650 explicabo
1295 3592 1331 3632 ex

253 3665 400 3725 Athenaei
417 3664 446 3723 X
462 3684 530 3743 pag.
548 3667 606 3726 427
622 3683 652 3737 e,
670 3665 723 3724 ubi
739 3664 795 3725 hoc
814 3665 924 3725 citatur
940 3681 956 3722 e
973 3663 1156 3726 Stheneboea
1169 3667 1330 3728 distichon:

414 3762 512 3826 πεσὸν
532 3758 564 3827 δέ
588 3790 636 3826 νιν
658 3759 793 3836 λέληθεν
815 3759 906 3827 οὐδὲν
929 3762 959 3825 ἐκ
981 3763 1093 3847 χερός,

416 3854 489 3920 ἀλλ’
511 3853 602 3930 εὐθὺς
624 3853 717 3940 αὐδᾷ·
742 3862 805 3941 “rai
828 3853 987 3941 Κορινθίῳ
1008 3853 1117 3942 {tvm-’⁹

296 3949 415 4010 Scilicet
448 3969 511 4010 mos
542 3956 605 4010 erat
636 3956 671 4010 ut
691 3950 819 4010 frustula
839 3968 914 4028 quae
946 3969 1085 4011 amensa
1105 3951 1273 4014 deciderent
1298 3955 1331 4014 in

255 4052 379 4119 terram,
402 4046 529 4106 mortuis
550 4046 653 4106 amicis
673 4064 704 4106 se
724 4044 855 4105 tribucre
866 4045 1000 4106 dicerent
1012 4046 1227 4108 accumbentes.
1250 4048 1331 4110 Hinc

256 4140 451 4213 Stheneboea,
473 4141 651 4202 exstinctum
673 4147 782 4220 putans
811 4141 1083 4220 Bellerophontem,
1106 4161 1195 4222 quem
1216 4143 1254 4204 ad
1279 4144 1332 4205 Jo-

254 4237 353 4296 batem
375 4256 443 4297 cum
464 4237 587 4297 letiferis
608 4237 703 4296 literis
724 4237 846 4297 missum
869 4237 1068 4311 essesciebat,
1085 4239 1110 4298 si
1122 4240 1331 4301 intercoenam

256 4331 333 4391 mica
353 4331 469 4392 caderet
488 4331 521 4390 in
532 4333 642 4403 solum,
665 4349 729 4390 eam
745 4349 775 4390 se
786 4330 942 4391 Corinthio
953 4331 1065 4411 hospiti
1077 4333 1332 4415 (Bellerophonti)

255 4425 324 4485 dare
346 4426 507 4504 inquiebat.
