3150 5196
816 409 856 466 34

418 640 431 720 ξ
458 645 488 702 t.
537 638 601 702 Cur
624 635 817 722 tropoedics,
838 657 957 720 parum
980 637 1119 719 tropicos
1143 644 1259 716 tomen,

644 753 808 836 empserit
844 747 1026 832 Euripides.

348 927 403 1016 Si·
426 947 490 990 non
525 924 623 1010 plane
657 924 927 1009 improbabilibus
963 925 1166 1010 argumentis
1202 913 1381 1008 contendi,

302 1041 511 1128 Euripidem,
549 1041 681 1104 deorum
717 1040 901 1105 Atticorum
929 1046 1184 1121 contemtorem,
1209 1045 1384 1124 propterea

303 1157 345 1222 ad
380 1153 539 1240 tragicam
562 1153 675 1238 poesin
699 1153 808 1217 miuus
831 1161 945 1238 aptum
969 1152 1090 1234 fuisse,
1117 1151 1200 1218 forte
1228 1151 1300 1238 quis
1327 1173 1382 1216 ro-

301 1283 358 1354 get
392 1290 449 1333 our
492 1265 594 1352 igitur
634 1264 807 1350 Euripides
847 1265 1075 1350 Melpomeneu
1111 1265 1280 1330 colendam
1315 1262 1383 1328 sibi

302 1381 458 1466 elegerit?
505 1378 615 1463 Digna
638 1398 716 1442 sane
739 1376 818 1442 haec
841 1377 989 1463 quaestio
1012 1377 1053 1442 de
1076 1399 1142 1463 qua
1159 1377 1382 1461 adhucpauca

303 1495 458 1559 dicamus.
507 1489 610 1554 Fuere
643 1489 698 1575 qui
730 1495 884 1573 putarent
900 1491 927 1574 ¹,
960 1489 1173 1574 Euripidem,
1202 1489 1261 1554 “in
1285 1509 1384 1554 scena

302 1604 574 1691 philosophum,”
620 1601 692 1666 ideo
736 1601 881 1667 induisse
921 1603 1095 1668 cothurnos
1128 1609 1166 1669 ut
1199 1603 1382 1668 doctrinam

303 1717 519 1805 praeceptoris
549 1717 761 1801 Anaxagorae
793 1738 810 1780 e
844 1737 940 1781 scena
970 1716 1094 1802 tragica
1121 1723 1234 1801 posset
1256 1715 1383 1780 civibus

304 1831 545 1913 commendare,
578 1829 698 1915 majore
732 1830 891 1895 auditorio
923 1837 957 1894 et
989 1829 1113 1894 minore
1145 1851 1205 1895 suo
1236 1824 1395 1915 periculo‘

304 1967 401 2031 quam
437 1944 465 2008 si
494 1942 534 2006 de
565 1942 606 2007 iis
639 1942 732 2007 rebus
768 1943 802 2006 in
835 1941 956 2007 scholis
991 1940 1228 2026 philosophicis
1261 1948 1381 2026 egeret.

306 2059 395 2123 Haec
429 2076 503 2120 vero
536 2053 656 2120 fabella
690 2067 759 2119 tam
782 2054 895 2139 inepta
917 2062 968 2118 est
991 2061 1029 2118 ut
1050 2053 1107 2118 vix
1131 2075 1327 2139 quemquam
1353 2054 1384 2118 ei

304 2171 402 2235 fidem
436 2166 624 2234 habiturum
654 2189 726 2232 esre
754 2187 911 2232 censeam.
961 2166 1033 2250 Ego
1064 2165 1173 2250 potius
1198 2166 1245 2231 sic
1267 2165 1380 2230 habeo.

350 2281 501 2376 Euripidi
536 2302 600 2346 non
635 2280 739 2344 inerat
773 2279 823 2344 vis
857 2279 969 2343 divina
1007 2279 1132 2363 poesis,
1168 2301 1234 2344 non
1268 2278 1384 2364 igneus

305 2396 361 2460 ille
385 2396 479 2460 ardor
502 2395 559 2480 qui
582 2395 616 2458 in
640 2415 725 2458 nova
747 2393 865 2458 itinera
888 2392 1027 2478 proripit
1040 2398 1149 2457 vatem
1171 2393 1249 2479 quia
1263 2399 1384 2458 stratae

305 2509 377 2574 viae
400 2508 430 2572 ei
453 2528 520 2572 non
543 2505 709 2572 sufficiunt
726 2505 750 2588 ²,
771 2506 833 2596 sed
849 2505 1076 2570 tantummodo
1096 2505 1384 2590 ingenium-velox

307 2629 340 2688 et
363 2629 503 2687 acutum.
539 2621 723 2707 Sapientiae
744 2621 927 2705 studiosus,
945 2643 1075 2706 operam
1088 2621 1382 2690 dederatutvitam

307 2757 476 2820 moresque
504 2733 673 2800 hominum
706 2725 909 2818 pernosceret
924 2742 954 2816 ³,
987 2736 1073 2820 quod
1103 2735 1134 2800 ei
1164 2736 1246 2803 bene
1269 2737 1382 2804 cessit:

308 2849 349 2914 ad
381 2869 419 2912 ee
448 2847 550 2933 igitur
572 2847 607 2911 in
633 2869 730 2913 scena
756 2848 1027 2931 repraesentanda
1049 2848 1274 2934 paratissimus
1298 2859 1383 2934 erat,

308 2984 366 3028 nec
388 2963 524 3043 mirum,
548 2983 566 3027 e
586 2962 676 3047 poesi
700 2961 830 3026 laudem
852 2962 915 3027 sibi
936 2968 1161 3048 quaerentem,
1186 2963 1220 3028 in
1239 2965 1385 3030 dramate

309 3096 382 3140 eum
417 3073 504 3141 vitae
536 3076 714 3140 tentorium
746 3075 902 3161 posuisse.
951 3076 1054 3141 Vetus
1085 3084 1196 3142 autem
1220 3077 1386 3144 comoedia

308 3187 547 3273 Aristophaneo
568 3189 665 3274 plane
688 3188 728 3253 ab
749 3188 819 3273 ejus
843 3188 952 3254 indole
968 3189 1167 3254 abhorrebat.
1205 3190 1298 3255 Nihil
1322 3191 1385 3277 igi-

310 3309 362 3365 tur
393 3302 535 3366 restabat
564 3309 691 3388 praeter
714 3302 929 3386 tragoediam,
954 3302 982 3366 si
1006 3302 1121 3366 saltem
1146 3324 1186 3368 ex
1209 3303 1385 3388 generibus

309 3434 371 3476 usu
401 3413 536 3498 receptis
566 3437 667 3478 unum
703 3422 771 3479 erat
797 3414 991 3499 eligendum.
1041 3415 1105 3481 Sed
1135 3415 1163 3481 si
1186 3438 1280 3482 verus
1303 3417 1386 3482 fuis-

311 3534 361 3590 set
393 3531 503 3608 poeta,
539 3548 603 3591 non
637 3526 783 3592 doctriua
816 3533 849 3591 et
881 3527 986 3592 multa
1012 3528 1241 3594 exercitatione
1267 3529 1387 3612 factus,

343 3739 351 3770 ¹
374 3737 435 3789 vd.
447 3711 546 3789 Suidao:
564 3739 604 3787 ἐπὶ
618 3738 758 3804 τραγῳδίαν
776 3739 800 3788 δὲ
814 3738 920 3804 ἐτράπη,
930 3741 975 3788 τὸν
985 3739 1157 3805 Ἀναξαγόραν
1166 3741 1225 3790 ἰδὼν
1235 3741 1388 3791 ὑποστάντα
1421 3807 1424 3812 Ι

296 3809 439 3888 Ικινδύνους
456 3827 486 3877 δι’
503 3831 567 3894 ἅπερ
585 3829 662 3888 εἰςῆξε
680 3828 801 3894 δόγματα.

339 3918 349 3949 ²
384 3919 420 3968 Ut
436 3919 465 3966 de
482 3920 586 3968 deorum
603 3919 671 3980 equis
687 3919 794 3982 legimns
812 3919 918 3982 (Hymn.
936 3920 1023 3971 Ceret.
1041 3935 1076 3969 vs.
1093 3921 1139 3970 381
1159 3921 1235 3984 sqq.):

904 4009 959 4058 οὐδὲ
977 4010 1095 4060 θάλασσα

505 4094 557 4146 οὗθ’
573 4095 638 4160 ὕδωρ
657 4101 780 4161 ποταμῶν
797 4096 847 4146 οὔτ’
866 4099 942 4162 ἄγκεα
961 4099 1083 4158 ποιήεντα

502 4185 591 4234 ἰ’ππων
608 4185 753 4246 ἀθανάτων,
773 4184 823 4234 οὔτ’
841 4186 932 4250 ἄκριες,
950 4187 1056 4250 ἔσχεθον
1072 4187 1161 4252 ὁρμὴν,

502 4273 560 4323 ἀλλ’
579 4275 640 4338 ὑπὲρ
658 4276 761 4324 αὐτάων
778 4275 865 4336 βαθὺν
882 4275 943 4340 ἠέρα
960 4275 1054 4340 τέμνον
1070 4277 1160 4334 ἰόντες.

341 4363 350 4394 ³
386 4364 468 4426 Magis
493 4373 576 4412 tamen
602 4378 635 4412 ex
661 4365 821 4414 meditatione
847 4373 872 4414 et
894 4380 927 4414 ex
950 4365 1018 4414 libris
1041 4382 1114 4429 quam
1132 4368 1289 4430 exipsorum
1307 4367 1389 4416 horni-

308 4471 366 4503 uum
383 4455 568 4513 consuetudine,
586 4455 650 4504 conf.
668 4453 732 4503 infre
748 4469 806 4518 pag.
823 4455 856 4504 52
873 4470 907 4518 sq.
