3154 5198
731 376 771 436 57

217 563 402 648 loquentem
435 566 471 624 ut
497 560 568 645 jam
598 582 644 624 vs.
681 563 766 626 1169
796 567 871 646 post
901 583 1092 647 responsum
1116 561 1185 646 ejus
1212 561 1292 628 mire

203 669 413 760 'implicitum
442 675 633 740 exclamarit
656 675 837 759 Dionysus:

339 789 370 855 εὖ
394 792 432 865 νὴ
454 791 510 854 τὸν
532 787 648 874 Ἑρμῆν
670 824 710 833 -
733 793 750 854 ii
771 819 800 855 τι
821 789 926 875 λέγεις
948 786 974 856 δ’
993 791 1030 854 οὐ
1053 788 1211 871 μανθάνω.

219 898 255 963 Si
288 918 362 962 vere
396 895 543 962 Koclrius
576 898 693 962 statuit
724 897 785 962 suh
820 896 958 980 Dionysi
989 917 1130 981 persona
1165 895 1200 960 in
1234 897 1293 962 hac

218 1010 385 1076 comoedia
411 1009 511 1075 latere
542 1010 698 1095 populum
732 1008 967 1092 Atheniensem
990 1009 1118 1074 theatra
1141 1008 1292 1094 frequen-

218 1129 344 1188 tantem
363 1123 385 1206 ¹,
418 1125 559 1189 comicus
584 1123 711 1189 ultimis
737 1123 863 1188 duobus
884 1123 963 1188 locis
981 1122 1051 1188 sine
1063 1122 1162 1187 dubio
1172 1122 1292 1205 innuit,

219 1243 415 1321 spectatores
443 1259 537 1323 saepe
561 1259 626 1302 non
650 1237 796 1322 potuisse
817 1236 1002 1322 intelligere
1025 1236 1182 1302 sublimia
1196 1235 1293 1301 Euri-

220 1350 304 1435 pidis
327 1351 431 1433 dicta,
456 1357 490 1416 et
512 1373 549 1416 ea
570 1351 642 1436 ipsa
657 1351 796 1416 fortasse
811 1351 851 1416 de
867 1335 964 1416 cansa
978 1351 1096 1436 plausu
1105 1350 1258 1436 probasse
1270 1358 1291 1416 ².

236 1467 396 1532 ,Praeter
430 1469 488 1534 hos
518 1467 623 1550 locos,
660 1468 694 1531 in
729 1468 847 1553 quibus
885 1446 1058 1552 Euripides
1099 1468 1293 1534 nominatim

219 1579 466 1665 perstringitur,
499 1581 608 1666 plnres
641 1586 719 1646 sunt
748 1581 866 1664 etiam,
892 1581 1125 1666 Aristophanis
1150 1582 1190 1647 de
1212 1604 1296 1647 nova

220 1693 426 1780 philosophia
443 1695 604 1780 judicium
627 1692 845 1763 ostendentes.
895 1697 948 1763 Sic
973 1698 1097 1782 Meton,
1121 1705 1218 1764 notus
1240 1697 1296 1763 ille

221 1809 488 1893 mathematicus,
520 1811 736 1876 astronomiae
754 1811 849 1876 -bene
878 1811 1020 1895 peritus,
1053 1810 1157 1876 Attici
1187 1811 1295 1887 calen-

221 1920 302 1984 darii
333 1922 539 2004 emendator,
582 1923 617 1987 in
656 1923 779 1989 Avium
808 1922 974 1988 comoedia
1004 1923 1115 2009 flagris
1152 1925 1296 2012 abigitur

221 2055 268 2098 ex·
289 2033 532 2101 Nubilicnculia
565 2035 638 2120 (Av.
671 2059 717 2102 vs.
746 2039 960 2122 992-1020)
985 2037 1084 2100 simul
1108 2060 1181 2102 cum
1204 2061 1296 2122 syco-

220 2146 353 2231 phantia
390 2155 423 2213 et
460 2149 662 2214 oraculorum
690 2150 858 2236 plebisque
878 2135 1037 2214 ‘scitorum
1061 2150 1293 2217 venditoribus.

222 2262 377 2347 Inprimis
410 2284 485 2328 vero
516 2263 579 2328 huc
610 2263 774 2348 pertinent
808 2285 890 2349 quae
925 2263 964 2328 de
999 2263 1166 2348 Euripidis
1192 2267 1296 2332 amico
1342 2343 1347 2350 x

223 2377 353 2441 Socrate
382 2376 535 2441 dicuntur
567 2377 600 2441 in
632 2376 800 2460 Nubibus,
834 2399 925 2463 quae¹
946 2377 1073 2461 fabula,
1106 2385 1144 2443 ut
1173 2379 1207 2443 in
1236 2382 1297 2445 cri·
1339 2390 1341 2394 ’

222 2489 310 2554 mine
342 2488 503 2573 ἀσεβείας,
535 2490 581 2555 sic
614 2489 712 2555 etiam
740 2489 797 2555 ubi
820 2489 859 2555 de
885 2491 1116 2576 intempestiva
1138 2497 1172 2556 et
1192 2501 1296 2579 nnga-

195 2603 306 2669 ·t0ria
335 2603 544 2689 philosophia
574 2604 699 2690 agitur,
730 2603 932 2689 respicienda
960 2611 1020 2670 est
1070 2604 1163 2685 Quod
1188 2613 1296 2671 antem

222 2724 319 2783 antea
346 2717 416 2803 jam
448 2717 590 2782 vidimus
623 2718 711 2802 (pag.
749 2719 818 2805 16),
855 2717 996 2784 Socratis
1023 2720 1155 2785 nomine
1180 2719 1214 2783 in
1237 2719 1298 2785 hac

222 2829 389 2898 comoedia
411 2851 522 2894 omnes
547 2829 710 2915 sophistas
736 2838 771 2895 et
794 2829 894 2895 etiam
920 2829 1108 2916 Euripidem
1136 2830 1296 2917 sugillari,

222 2937 384 3028 nusquam
417 2948 468 3010 est
497 2943 704 3009 manifestius
734 2966 832 3029 qnam
862 2944 897 3008 in
926 2944 967 3010 iis
998 2944 1128 3011 fabulae
1152 2947 1299 3032 partibus

222 3058 281 3124 ubi
301 3079 405 3123 sermo
426 3064 477 3123 est
499 3058 654 3124 derebus
680 3058 892 3139 sublimibus,
917 3080 997 3145 quas
1018 3065 1149 3124 constat
1174 3059 1298 3126 Socrati

223 3171 280 3236 vix
304 3170 409 3257 magis
434 3171 522 3236 cordi
544 3171 645 3236 fnisse
669 3193 765 3257 quam
788 3170 852 3256 ipsi
875 3171 1089 3256 Aristophani
1103 3171 1123 3235 ³.

268 3287 344 3352 Jam
375 3310 420 3353 vs.
456 3291 496 3353 94
531 3309 599 3373 sqq.
635 3286 675 3352 de
713 3290 944 3373 φρουτιστηρίῳ
980 3285 1058 3368 illo,
1093 3286 1150 3351 ubi
1186 3287 1298 3352 Socra-

226 3413 293 3467 tem
317 3399 522 3466 meditationi
547 3420 657 3464 vacare
680 3401 883 3463 commentus
908 3404 958 3460 est
980 3396 1235 3483 Aristophanes,
1253 3400 1299 3465 sic

223 3516 381 3603 legimns:

260 3805 267 3836 ¹
302 3802 449 3866 Einleitnng
466 3819 487 3850 z.
498 3804 521 3850 d.
539 3801 673 3852 Froschcn.
692 3827 722 3836 -ν
741 3801 782 3851 Sic
798 3800 980 3851 Schoemannus
998 3817 1100 3866 quoque,
1119 3801 1162 3854 Gr.
1171 3803 1300 3853 Alterth.³

225 3896 254 3945 11
272 3909 327 3956 pag.
348 3894 395 3944 162
410 3892 552 3956 Dionysum
569 3891 634 3939 hunc
651 3889 863 3953 Aristophanenm
882 3899 953 3940 vocat
969 3883 1025 3940 “ein
1042 3893 1156 3942 Zcrrbild
1173 3894 1216 3942 des
1227 3894 1302 3943 'athe-

223 3984 329 4034 nischen
346 3981 619 4043 Thestorpublikums.”

259 4072 269 4105 ⁹
301 4065 439 4121 Veris'sinre
462 4069 632 4120 Bernhardins
658 4068 692 4117 ll.
718 4083 775 4132 pag.
800 4069 850 4117 403
867 4067 943 4116 infra:
979 4069 1056 4117 “Man
1073 4069 1130 4118 darf
1143 4071 1182 4119 bci
1200 4072 1301 4123 solchon

226 4162 424 4224 “Ansspriichen
446 4161 538 4224 tragon
553 4159 597 4208 auf
610 4158 716 4224 welches
732 4157 866 4206 Publikurn
884 4157 920 4206 sie
936 4157 1084 4216 100111101οω
1102 4137 1167 4208 donn
1184 4161 1220 4210 sie
1236 4162 1301 4224 glei-

226 4253 306 4301 “chen
324 4251 489 4312 Monologen,
506 4250 557 4297 und
574 4249 615 4297 die
631 4249 725 4310 Menge
742 4247 857 4295 varstand
874 4247 955 4294 daron
973 4245 1078 4296 nichts.''
1095 4275 1098 4280 ·

259 4341 270 4372 ³
304 4341 384 4390 Immo
402 4341 516 4390 Socrates
534 4341 646 4402 “primns
664 4335 841 4400 philosophiam
859 4336 991 4384 devocavit
1008 4351 1021 4385 e
1038 4337 1129 4390 00010,”
1164 4338 1300 4389 010.Τοεο

227 4430 301 4491 Disp.
318 4431 352 4489 V,
369 4431 393 4489 A,
413 4431 449 4478 lo.
