3180 5196
398 929 504 1010 tuti
528 929 592 1008 EX
616 927 923 1009 ARISNOPHANN
950 927 1168 1009 NERSUUM

298 1089 643 1172 NURIPIDNONUN
673 1088 905 1170 Pisonem
935 1087 1227 1170 CONTINENTIA
1246 1091 1267 1170 ¹.
1357 1145 1359 1150 ·

675 1318 870 1332 mmm

283 1475 421 1541 Nullam.
443 1495 485 1536 vs.
507 1481 524 1537 7
546 1493 603 1554 sq.:

734 1569 816 1656 φιλῶ
835 1574 912 1646 τοὺς
934 1573 1046 1646 ἱππέας

404 1663 452 1731 διὰ
474 1672 567 1730 τοῦτο
588 1664 746 1751 τοῦργον·
770 1661 860 1738 ἄξιον
881 1666 944 1752 γὰρ
967 1662 1110 1731 Ἑλλάδι·

285 1759 451 1820 Secundum
472 1759 563 1820 schol.
582 1759 691 1820 ultime
710 1759 801 1820 rerba
821 1764 920 1819 sumta
940 1765 1011 1820 suut
1031 1779 1067 1819 ex
1087 1759 1241 1839 Euripidis
1262 1761 1318 1822 Te-

240 1854 345 1934 lephe,
367 1855 420 1916 ubi
440 1855 519 1915 hune
540 1874 658 1915 versum
679 1855 841 1915 occurrisse
861 1853 947 1915 dieitz

405 1953 506 2025 κακῶς
526 1946 656 2016 ὀλοέατ’·
679 1946 770 2023 ἄξιον
790 1951 853 2037 γὰρ
875 1947 1018 2016 Ἑλλάδι·

895 2044 1007 2108 (Frsgm.
1024 2045 1085 2095 Eur.
1103 2046 1154 2097 718
1169 2045 1254 2108 Dind.)

285 2159 369 2223 ibid.
389 2177 431 2219 vo.
455 2164 525 2220 119:
712 2240 715 2244 Ι

406 2256 431 2320 ὦ
454 2252 677 2342 θερμόβουλον
698 2257 844 2341 πρωκτὸν
868 2253 1040 2342 ἐξυρημένε·

287 2348 382 2410 Schol.
412 2368 447 2409 ex
473 2348 627 2428 Euripidis
649 2348 756 2409 Medea
783 2349 868 2410 effert
896 2368 1025 2410 versum:
1048 2350 1072 2414 ὧ
1095 2347 1321 2437 θερμόβουλον

245 2443 451 2531 σπλάγχνον.
472 2442 543 2503 Non
557 2448 658 2502 temen
674 2441 821 2520 ejusmodi
835 2442 949 2503 dietum
961 2443 993 2502 in
1003 2461 1038 2502 ea
1047 2442 1150 2502 fabule
1160 2443 1320 2503 invenitur.

975 2533 1090 2601 (Frogm.
1104 2537 1154 2587 852
1170 2537 1256 2600 Dind.)

288 2652 370 2716 ibid.
391 2671 434 2712 vs.
455 2655 526 2713 440:

354 2772 356 2778 ’
407 2745 452 2814 δεῖ
471 2749 534 2835 γάρ
555 2776 591 2832 με
613 2744 701 2821 δόξαι
722 2749 854 2834 πτωχὸν
876 2747 952 2813 εἶναι
973 2749 1123 2836 τήμερον,

407 2842 483 2908 εἶναι
503 2849 558 2926 μὲν
580 2847 679 2930 ὅσπερ
701 2846 774 2926 εἶμί,
793 2841 957 2928 φαίνεσθαι
977 2838 1008 2907 δὲ
1029 2845 1082 2925 μή.

290 2935 333 2994 Hi
359 2935 418 2996 duo
443 2955 559 3009 versus,
586 2941 662 2996 teste
688 2935 793 3008 schol„
816 2935 982 3015 eTeiepho
1002 2936 1094 2996 sumti
1114 2942 1197 3007 sunt;
1216 2937 1322 3016 prioris

247 3036 349 3089 temen
372 3030 468 3091 exitus
489 3031 670 3110 tragicorum
691 3030 808 3109 legibus
826 3031 959 3090 metricis
977 3036 1134 3108 repugnat.

577 3131 580 3139 ¹
975 3123 1087 3186 (sragm.
1104 3126 1154 3174 ose
1171 3125 1256 3190 uine.)

289 3237 372 3301 ibid.
392 3233 434 3298 Ns.
456 3242 527 3298 446:

409 3331 633 3418 εὐδαιμονοίης
656 3334 787 3421 Τηλέφῳ
808 3332 835 3400 δ’
856 3335 925 3419 ἁγὼ
948 3339 1066 3421 φρονῶ·

290 3427 403 3490 schot:
424 3432 509 3518 παρὰ
531 3431 569 3495 τὰ
591 3433 623 3496 ἐκ
642 3430 786 3516 Τηλέφου
810 3425 991 3517 Εὐριπίδου·

408 3526 514 3602 καλῶς
533 3526 647 3613 ἔχοιμι·
669 3525 800 3612 Τηλέφῳ
822 3523 849 3591 δ’
871 3527 939 3610 ἁγὼ
962 3530 1080 3612 φρονῶ·

974 3622 1087 3686 (Frcgm.
1104 3622 1153 3675 702
1169 3623 1256 3684 Dind.)

291 3736 373 3800 ibid.
394 3755 437 3797 vs.
458 3740 530 3797 454:

409 3836 440 3897 ri
461 3829 505 3904 δ’,
528 3833 552 3897 ὦ
573 3833 687 3908 τάλας,
711 3837 744 3898 σέ
766 3829 853 3898 τοῦδ’
871 3831 933 3919 ἐ’χει
955 3831 1092 3906 πλέκους
1113 3833 1224 3918 χρέοςὶ

283 4022 291 4053 ¹
308 4023 418 4073 Editicni
439 4024 656 4083 Achemensium,
677 4038 740 4088 quse
756 4023 851 4088 prodiit
866 4037 927 4073 cura
943 4023 986 4073 W.
1002 4023 1133 4073 Bibbsckii
1151 4022 1229 4086 (Lips.
1249 4023 1322 4086 186⁴)

249 4102 393 4166 subjunctus
413 4111 451 4152 cst
470 4104 598 4167 appendix
613 4105 647 4166 (p.
663 4104 815 4163 mu-sm),
832 4103 876 4152 ubi
891 4103 975 4167 egitur
991 4103 1022 4151 de
1033 4102 1155 4167 purodtis
1170 4102 1324 4152 dramatici:

250 4181 321 4245 apud
346 4182 446 4232 Atticos
469 4185 581 4233 οοιυιυοι.
615 4181 682 4244 Quid
706 4183 769 4232 mihi
789 4196 846 4232 cum
866 4197 896 4232 co
912 4181 1044 4231 conveniat
1059 4188 1085 4231 et
1100 4181 1158 4245 quid
1174 4180 1322 4244 discrepem,

250 4260 353 4324 siugulis
377 4260 450 4321 locis,
475 4276 506 4311 nc
530 4262 638 4312 taedium
664 4276 790 4326 parerem,
814 4261 923 4311 indicere
947 4261 1115 4325 praetermisi3
1138 4260 1209 4310 facilc
1240 4250 1338 4308 cutem

250 4341 383 4404 perspiciet
407 4342 542 4391 benevolus
566 4343 656 4402 lector,
680 4343 702 4392 si
726 4342 789 4392 tenti
812 4341 938 4392 videbitur
961 4341 1045 4390 ambos
1066 4340 1191 4404 catalogos
1211 4339 1276 4388 inter
1297 4352 1324 4386 sc

250 4434 399 4484 compcrsrs.
