3180 5196
796 387 857 448 152

326 569 423 630 Schol.
444 568 568 629 1111111
587 569 693 648 respici
714 586 831 630 versum
852 585 887 626 ex
909 565 1088 646 Hypsipyle:

450 664 509 729 dvd
531 667 567 730 rb
590 661 854 750 δωδεκαμήχανον
877 661 1003 750 ἄντρον.

328 756 434 818 Suidas
464 757 496 818 in
528 777 598 818 voce
630 755 895 844 δωδεκαμήχανον
916 755 1007 816 habet
1028 757 1162 846 ἄστρον,
1183 775 1259 836 quae
1280 757 1374 818 lectio

287 852 476 937 praeferenda
495 851 627 926 videtur,
649 859 683 917 ut
707 851 742 914 de
764 853 821 912 sole
841 850 950 912 dixerit
971 849 1139 930 Euripides.

1018 971 1132 1035 (Engm.
1150 971 1199 1024 7⁵5
1215 971 1303 1035 Dind.)

329 1201 412 1264 Rau.
443 1218 485 1260 vs.
519 1201 729 1258 1331-1364.
760 1231 800 1241 -
822 1195 882 1257 Hic
899 1195 995 1269 locus,
1017 1197 1135 1275 longior
1155 1215 1245 1276 quam
1265 1203 1300 1258 ut
1320 1195 1373 1258 de·

289 1295 448 1369 scribatur,
470 1295 672 1354 mortodebrum
693 1291 922 1372 Euripidearum
941 1292 1094 1372 parodiem
1108 1294 1249 1354 continet.
1271 1292 1371 1353 Schol.

289 1390 404 1450 scribit:
436 1395 532 1476 φασὶν
564 1393 608 1466 ὡς
636 1391 739 1456 πάντα
767 1395 862 1455 ταῦτα
891 1389 928 1454 ud
957 1388 1014 1464 ’ἔπη
1042 1389 1072 1454 ἕκ
1099 1417 1186 1464 τινος
1212 1385 1372 1476 δρᾶματός

289 1490 373 1554 ἐστιν
404 1482 586 1574 Εὐριπίδου.
619 1484 675 1546 1111
706 1483 800 1562 igitm
830 1484 856 1544 si
887 1483 992 1544 horum
1019 1485 1203 1562 singulorum
1232 1503 1372 1548 versuum

289 1582 434 1659 originem
465 1578 657 1660 Euripideam
687 1578 817 1639 indicare
837 1596 899 1638 non
919 1578 1031 1658 potuit,
1053 1579 1140 1640 nobis
1160 1578 1192 1639 id
1208 1587 1372 1640 neoonan-

289 1677 360 1738 dum
392 1675 511 1754 quidem
543 1682 597 1737 est.
619 1674 676 1739 Sed
697 1693 877 1754 quemquam
898 1693 1000 1735 omnes
1020 1675 1099 1736 locos
1120 1675 1296 1755 Euripideos
1317 1677 1372 1754 qui

288 1772 337 1832 hic
368 1777 533 1849 tanguntur
563 1770 660 1850 digito
689 1775 854 1830 monstrare
886 1788 947 1834 non
977 1789 1146 1848 possumus,
1181 1777 1281 1832 tamen
1310 1790 1372 1851 quo

288 1866 412 1926 consilio
441 1867 524 1926 etin
545 1885 635 1944 quam
655 1865 834 1926 sententiam
856 1865 966 1950 scripte
986 1865 1026 1931 sit
1045 1864 1117 1926 haec
1138 1865 1272 1944 parodia,
1294 1867 1372 1926 bene

289 1961 360 2021 licet
380 1961 551 2039 perspicere.

331 2057 550 2118 Versiculorum
577 2055 724 2115 brevitate
745 2062 776 2117 et
795 2056 926 2115 numeris
947 2075 1033 2135 saepe
1054 2057 1177 2117 variatis
1197 2063 1285 2136 poete
1305 2057 1374 2116 imi·

290 2159 371 2213 tetur
392 2151 544 2230 Euripidis
565 2152 717 2212 licentiam
728 2152 761 2212 in
775 2152 958 2212 canticorum
968 2153 1085 2224 metris;
1101 2153 1134 2213 in
1146 2153 1242 2213 verbis
1254 2171 1373 2231 quoque

289 2247 482 2325 Euripideum
511 2265 605 2325 genus
637 2245 754 2306 dicendi
785 2253 935 2314 servatum
966 2248 1113 2319 videmus3
1143 2253 1263 2308 notetur
1282 2248 1373 2308 modo

288 2343 365 2403 illud
378 2345 487 2430 ψυχὰν
501 2342 630 2430 ἄψυχον
643 2361 685 2403 vs.
702 2347 793 2414 1334,
810 2349 841 2402 et
853 2343 956 2402 crebre
970 2343 1179 2404 vocabulorum
1193 2344 1372 2422 gemmetic,

289 2441 382 2524 φόνια
414 2441 507 2526 φόνια
541 2457 584 2498 vs.
619 2441 711 2510 1336,
744 2439 887 2510 dudurur’
919 2437 1063 2518 dve'urar’
1099 2459 1140 2500 va.
1175 2442 1266 2511 1352,
1302 2440 1374 2527 ἄχε’

289 2533 367 2618 ἄχεα
388 2551 430 2592 vs.
454 2535 544 2605 1353,
573 2529 691 2620 δάκρυα
712 2528 829 2620 δάκρυα
852 2551 894 2593 vs·
919 2536 1011 2607 1354,
1035 2531 1159 2622 ἔβαλον
1181 2531 1304 2621 ἔβαλον
1325 2553 1372 2594 VS·

292 2632 383 2697 13553
404 2633 591 2688 monstruoso
612 2626 740 2706 denique
753 2627 900 2687 vocabulo
915 2629 1225 2702 εἶειειειξιξιλίσσουσα
1235 2647 1278 2694 VS,
1293 2633 1372 2694 1348

290 2722 403 2783 ridetur
427 2741 538 2786 novum
559 2723 716 2783 inventum
736 2721 769 2780 in
791 2728 885 2782 ortem
904 2724 1049 2784 musicam
1071 2723 1287 2797 introductum,
1311 2742 1374 2805 quo

289 2819 388 2897 plures
409 2818 475 2880 soni
495 2819 528 2878 in
549 2837 640 2882 unam
662 2817 806 2897 syllabam
827 2819 1062 2880 conferebantur.

330 2913 425 2975 lnitio
445 2913 601 2974 monodiee
621 2927 679 2990 111.
704 2916 919 2992 1331-1337)
940 2914 984 2974 111
1004 2922 1142 2976 narretur
1161 2915 1319 2987 somnium,
1335 2921 1373 2975 ut

289 3028 350 3069 non
371 3009 499 3070 difficilis
520 3009 625 3087 agnitu
646 3009 686 3074 111
706 3007 836 3074 imitatio
863 3007 1004 3069 Hecubae
1025 3010 1058 3077 in
1080 3005 1182 3070 febula
1200 3010 1374 3088 cognomini

289 3106 387 3166 visum
416 3111 605 3184 pernoctem
627 3105 685 3166 sibi
707 3105 840 3165 oblatum
861 3104 1015 3167 referentis
1038 3125 1080 3166 vs.
1104 3112 1141 3167 68
1163 3125 1228 3186 sqq.
1251 3105 1289 3165 In
1307 3125 1374 3166 cae·

291 3205 354 3259 tera
372 3206 455 3278 perte
476 3219 523 3260 res
543 3219 685 3278 perquam
705 3200 836 3259 triuiales
853 3199 951 3260 verbis
965 3201 1145 3262 sublimibus
1164 3201 1372 3274 enuncientur,

290 3313 371 3355 more
392 3293 561 3373 Euripiden.

332 3390 468 3468 Denique
489 3389 536 3450 his
557 3391 629 3451 locis
650 3390 739 3450 verba
761 3389 915 3469 Euripidis
936 3390 1208 3469 deprehenduntur:
1250 3459 1255 3468 ¹

197 3483 200 3490 ’
291 3487 439 3546 1113381
454 3484 539 3550 ἄλλά
564 3513 632 3568 μοι,
659 3486 849 3571 ἀμφίπολοι,
872 3486 998 3574 λύχνον
1020 3487 1127 3571 ἅψατε.
1149 3487 1175 3547 Ε
1200 3487 1374 3549 Temenidis

453 3579 615 3640 secundum
632 3579 838 3658 Apollonium,
850 3587 926 3642 teste
941 3580 1031 3644 schol.
1047 3581 1180 3660 (Fragm.
1193 3587 1248 3643 741
1264 3581 1373 3661 Dind.)

292 3674 519 3753 vs.1339:Ego
554 3675 671 3738 confero
704 3673 826 3754 Hippol.
861 3696 904 3736 vs.
937 3680 1008 3748 123,
1041 3695 1168 3754 quocum
1198 3695 1374 3756 componere

453 3771 548 3850 possis
569 3769 668 3849 lphig.
689 3769 788 3830 Aulid.
810 3789 852 3830 vs.
876 3775 932 3832 182
954 3778 985 3833 et
1008 3771 1074 3832 Ion.
1096 3791 1138 3832 11.
1161 3777 1208 3833 96.

291 3887 334 3928 va.
349 3871 439 3928 1344:
454 3870 578 3952 Νύμφαι
600 3869 810 3952 ὀρεσσίγονοι.
834 3863 931 3926 Schol.
952 3865 1136 3945 Asclepiadis
1157 3867 1333 3928 auctoritate
1356 3888 1374 3928 e

454 3961 590 4023 Xantriis
610 3959 748 4039 Aeschyli
773 3960 845 4020 haee
871 3966 969 4022 sumta
999 3981 1060 4022 esse
1082 3961 1223 4036 affirmat,
1249 3963 1372 4041 (fragm.

452 4056 558 4118 Aesch.
589 4061 646 4118 170
668 4055 773 4134 Dind.)
794 4055 936 4116 Valcken.
960 4056 1056 4116 Diatr.
1079 4077 1146 4136 pag.
1172 4065 1202 4116 1]
1229 4059 1373 4118 111111111-

453 4153 622 4260 stipuletur,
655 4150 706 4210 sed
733 4150 870 4229 equidem
901 4151 976 4210 mihi
997 4153 1170 4230 persuadere
1190 4171 1302 4230 nequeo
1323 4160 1371 4220 tot

454 4248 560 4326 pannis
582 4245 751 4324 Euripideis
778 4265 871 4305 unum
897 4245 1090 4306 intertextum
1118 4247 1208 4307 fuisse
1239 4247 1370 4326 Aeschy-

452 4346 544 4415 leum;
560 4342 632 4424 quid
646 4347 746 4402 autem
759 4360 774 4402 s
775 4347 888 4402 tabuere
904 4347 985 4402 vetet
996 4341 1168 4421 Euripidem
1186 4361 1301 4470 quoque
1313 4344 1371 4410 huc

452 4441 600 4504 locutione
620 4437 729 4498 alicubi
751 4457 836 4498 usum
858 4439 965 4500 luisse?
