3154 5198
806 397 848 459 36

292 584 349 651 sed
372 601 453 669 qnae
479 589 588 647 tamen
613 580 719 646 multo
741 580 841 645 etiam
863 573 1091 664 praeclariores
1114 579 1295 643 evasissent
1312 597 1366 642 me

287 698 413 784 judice,
448 697 476 761 si
496 695 593 782 plene
613 694 797 760 comoediae
820 700 948 770 essent3
973 701 1012 757 ut
1034 692 1163 775 mulus,
1188 693 1249 758 etsi
1274 690 1366 756 utilis

292 833 351 876 nec
385 811 570 892 indecorus,
604 830 667 873 usu
699 815 810 874 tamen
839 828 904 871 non
926 812 1045 891 aequat
1069 805 1214 888 asinum,
1240 811 1273 869 et
1293 803 1366 889 pul-

293 922 477 988 chritudine
498 921 595 1005 longe
619 941 701 1005 equo
724 918 968 1005 postponendus
992 924 1051 984 est.

338 1036 470 1121 Optime
491 1057 531 1101 ex
555 1035 633 1099 Ione
654 1039 734 1119 puto
759 1055 810 1097 me
823 1031 994 1097 defendere
1006 1053 1102 1118 posse
1114 1050 1210 1117 quam
1225 1027 1368 1117 expressi

293 1150 488 1235 opinionem.
524 1146 632 1233 Hujus
650 1146 780 1212 fabulae
798 1152 1040 1231 argumentum,
1056 1145 1300 1232 ὰυαγνωρισμὸς
1311 1163 1370 1229 per

293 1262 487 1351 crepundia,
511 1262 545 1326 in
570 1265 714 1326 mentem
737 1259 830 1324 nobis
853 1264 984 1325 revocat
1007 1256 1190 1324 comoedias
1210 1256 1284 1322 illas
1298 1257 1368 1322 Me-

294 1375 453 1440 nandreae
477 1379 511 1440 et
532 1380 731 1440 caeterorum
755 1395 857 1438 novae
878 1371 1063 1437 comoediae
1088 1377 1272 1456 poetarum,
1286 1392 1369 1455 quae

295 1491 516 1553 Romanorum
540 1487 724 1552 imitatione
750 1486 917 1570 (Rudente
943 1485 1099 1550 Plautino
1120 1490 1202 1569 puta
1226 1482 1277 1548 vel
1296 1483 1369 1548 An-

294 1602 365 1666 dria
388 1601 543 1685 Terentii)
567 1600 660 1666 nobis
686 1600 909 1664 innotuerunt.
936 1599 1053 1663 Totum
1064 1597 1130 1662 fere
1146 1597 1318 1663 discrimen
1334 1595 1369 1658 in

295 1737 332 1780 eo
361 1720 508 1780 versatur
537 1714 622 1799 quod
654 1734 718 1777 non
750 1712 853 1778 Attici
884 1717 1025 1776 aratores
1047 1720 1080 1776 et
1100 1715 1290 1776 mercatores
1312 1708 1370 1774 sed

295 1827 425 1914 antiqui
448 1827 560 1892 heroes
584 1833 617 1892 et
639 1826 686 1891 dii
709 1847 765 1911 per
789 1846 921 1890 scenam
945 1825 1108 1900 incedunt.
1138 1823 1252 1909 Neque
1277 1821 1370 1887 triste

295 1940 469 2026 quicquam
489 1941 590 2024 inest,
615 1941 758 2027 exceptis
782 1939 946 2005 flebilibus
970 1937 1128 2026 querelis,
1152 1959 1232 2023 quas
1251 1935 1371 2003 Oretisa

219 2031 223 2036 .
294 2053 405 2117 fundit
432 2060 603 2139 postquam
635 2053 768 2119 rescivit
791 2052 947 2118 maritum
974 2051 1127 2136 adoptare
1149 2050 1232 2114 velle
1257 2051 1369 2114 Ionem

295 2186 354 2249 pro
376 2166 456 2250 filio,
479 2174 512 2232 et
537 2166 666 2232 insidiis
691 2185 770 2252 quas
795 2164 911 2230 deinde
935 2165 1007 2230 Ioni
1032 2163 1147 2230 tendit.
1199 2165 1305 2247 Haec,
1329 2164 1371 2228 ad

296 2286 493 2346 structuram
516 2278 673 2343 dramatis
697 2300 763 2342 non
788 2278 989 2361 necessaria,
1015 2275 1135 2342 dixeris
1159 2284 1289 2363 aposta
1300 2299 1371 2343 esse

206 2393 209 2479 J
296 2394 407 2458 addita
432 2398 468 2458 ut
498 2392 591 2458 fieret
621 2391 763 2458 similius
797 2392 1000 2477 tragoediae;
1029 2391 1086 2457 sed
1106 2392 1222 2457 malles
1247 2393 1367 2457 abesse.

296 2507 382 2571 Nam
407 2506 527 2572 alterae
549 2512 626 2572 sunt
649 2505 883 2571 lacrimosiores
908 2527 1005 2591 quam
1031 2526 1089 2591 pro
1101 2527 1150 2588 re,
1165 2506 1285 2571 alterae
1297 2527 1371 2570 vero

296 2629 366 2684 tam
399 2620 526 2685 immite
550 2620 693 2705 produnt
723 2618 863 2686 Oreiisae
893 2619 1082 2704 ingenium,
1116 2626 1153 2685 ut
1182 2641 1253 2684 eam
1277 2641 1371 2684 nemo

297 2737 364 2796 n'on
397 2733 567 2798 abhorrere
599 2733 723 2817 possit,
758 2754 858 2818 quum
901 2732 935 2796 in
979 2732 1086 2817 priore
1118 2732 1248 2797 fabulae
1281 2738 1372 2818 parte

297 2864 452 2928 magnam
483 2845 577 2910 nobis
610 2845 823 2911 commoverit
852 2845 903 2909 sni
929 2844 1190 2910 misericordiam.
1241 2844 1372 2911 Scilicet

297 2979 335 3022 ea
357 2958 491 3042 mulier,
515 2958 588 3044 ipsa
611 2937 724 3024 furtivi
746 2963 859 3042 partus
883 2957 946 3022 sibi
970 2957 1117 3039 conscia,
1143 2957 1372 3043 eumsuspice-

299 3079 351 3136 tur
379 3071 551 3156 juvenem,
585 3093 680 3156 quem
704 3070 858 3155 adoptare
879 3069 1015 3134 maritus
1043 3075 1153 3154 parat,
1177 3070 1279 3155 ipsius
1303 3092 1373 3134 esse

299 3185 436 3250 nothum
458 3184 581 3268 filium,
607 3187 641 3248 in
663 3188 793 3250 tantum
818 3183 999 3270 exardescit
1018 3182 1159 3248 furorem
1176 3190 1198 3267 ¹,
1222 3183 1373 3268 utApol-

298 3369 393 3420 “Stiick
411 3371 453 3418 des
469 3371 603 3434 Euripides
620 3373 702 3420 weder
720 3386 784 3434 ganz
800 3369 945 3432 Erniihlnng
964 3369 1026 3418 noch
1043 3382 1106 3431 ganz
1120 3369 1213 3416 Drama
1221 3369 1267 3417 ist?
1288 3369 1375 3417 Nennt

299 3467 340 3509 “es
357 3461 491 3510 immerhin
506 3461 547 3511 ein
565 3461 679 3522 Zwitter;
697 3477 782 3525 genug
799 3461 855 3510 dass
873 3460 939 3508 mich
956 3460 1038 3508 dieser
1047 3459 1152 3508 Zwitrer
1162 3459 1233 3508 mehr
1242 3463 1375 3522 vergniigt,

300 3551 387 3599 “mehr
412 3551 510 3608 erboni,
531 3551 567 3598 als
583 3552 622 3600 die
639 3551 873 3614 gesetnm's'rssigsteu
888 3548 1013 3599 Geburten
1031 3561 1102 3596 eurer
1119 3556 1247 3596 correcten
1264 3549 1374 3598 Recinen

299 3641 376 3688 “oder
401 3641 447 3689 wie
472 3641 508 3688 sie
534 3647 602 3688 const
623 3639 728 3688 heissen.
761 3639 829 3691 Weil
845 3639 888 3686 der
905 3637 1027 3686 Manlesel
1044 3638 1125 3686 weder
1143 3636 1219 3686 Pserd
1236 3637 1298 3684 noch
1315 3637 1376 3684 Esel

301 3732 361 3786 “ist,
388 3731 420 3778 ist
449 3745 476 3778 er
503 3732 589 3779 darum
618 3729 731 3792 weniger
758 3729 824 3778 eines
853 3743 902 3776 von
931 3730 980 3776 den
1008 3729 1164 3776 nntzbarsten
1189 3727 1375 3790 lasttragenden

301 3819 462 3870 “Thieren?''
1332 3823 1334 3826 '

314 3961 315 3966 ,
337 3912 341 3942 ¹
378 3910 435 3960 Scio
459 3909 559 3972 quidem
585 3909 704 3958 Creusam
731 3910 782 3958 irae
808 3908 956 3958 interserere
981 3922 1095 3965 causam,
1120 3909 1184 3971 quod
1209 3915 1281 3971 turpe
1306 3915 1376 3970 putet

302 4001 406 4048 nothum
423 3998 554 4060 aliqnando
570 4007 729 4060 regnaturum
747 3997 869 4057 Athenis,
886 4008 913 4046 ut
930 3997 995 4046 canit
1011 3999 1086 4045 ctiam
1103 3995 1193 4045 chorus
1210 3998 1375 4060 vs.1058sq.:

462 4085 521 4150 μηδέ
540 4086 596 4135 ποτ’
614 4089 693 4146 ἄλλος
711 4087 797 4136 ἄλλων
815 4087 858 4136 ἀπ’
877 4088 952 4136 οἴκων
970 4087 1067 4144 πόλεως
1085 4085 1193 4135 ἀνάσσοι

465 4177 534 4235 πλὴν
550 4181 602 4226 τῶν
619 4178 750 4240 εὐγενετᾶν
767 4175 931 4240 Ἐρεχθειδᾶν.

304 4269 351 4317 Sed
376 4281 448 4314 nemo
471 4269 556 4314 credet
580 4266 620 4313 hic
645 4280 694 4315 non
719 4266 800 4328 potius
826 4267 937 4314 exerceri
960 4273 1018 4313 nota
1034 4279 1196 4312 novercarum
1214 4267 1275 4314 odia.
1309 4265 1377 4312 Hinc

302 4371 398 4422 qnoque
423 4358 512 4421 liquet,
536 4365 654 4420 qnantum
679 4357 737 4405 hnic
761 4359 922 4419 dramatnrgo
946 4356 1057 4404 offecerit
1086 4371 1118 4403 cx
1143 4356 1244 4418 antiqua
1274 4355 1378 4404 historie

304 4449 432 4497 desumere
449 4447 591 4503 materiem,
607 4447 668 4494 odeo
685 4446 830 4508 plerumque
846 4446 971 4508 cognitam
989 4453 1014 4494 et
1030 4460 1076 4494 usu
1088 4445 1255 4502 sancitam,ut
1266 4445 1380 4494 mutandi
