3154 5198
719 379 736 438 7

777 509 785 536 ι

192 588 290 652 quam
317 586 446 631 noscere
472 586 538 629 nou
561 566 699 648 putabat
723 585 838 649 operae
860 563 1020 649 pretium,
1039 563 1179 648 pessime
1191 587 1264 650 per-

193 699 286 758 osus,
331 683 443 744 eontra
485 677 691 763 antiquitatis
733 697 846 742 amans
891 682 924 740 et
958 676 1103 741 fervidus
1134 683 1264 761 patrum

192 791 379 873 admirator,
413 789 581 855 diffidebat
611 789 841 873 novatoribus,
874 795 907 854 et
932 812 1043 855 omnes
1067 791 1264 855 mutationes

193 903 305 968 invitis
337 905 515 988 aspiciebat
538 903 658 986 oculis,
684 925 784 988 quum
808 909 895 968 certa
920 909 954 968 et
974 925 1036 968 usu
1059 905 1205 990 cognita,
1229 909 1265 967 ut

193 1037 212 1078 a
246 1013 423 1098 majoribus
467 1015 587 1080 tradita
619 1021 727 1099 erant,
764 1038 822 1101 pro
854 1037 910 1100 spe
944 1015 1086 1101 ancipite
1121 1015 1265 1081 deserere

192 1127 283 1193 nefas
310 1128 461 1212 haberet,
487 1151 545 1194 nec
568 1136 636 1193 tam
652 1134 782 1194 sanetae
799 1129 1010 1194 haereditatis
1025 1131 1077 1195 vel
1093 1128 1265 1194 minimam

192 1243 385 1327 particulam
410 1243 545 1308 tolerare
566 1250 677 1326 posset
700 1264 719 1306 a
743 1264 906 1328 quoquam
928 1241 990 1306 sibi
1007 1241 1169 1336 eripi3j-
1185 1240 1266 1304 alter

193 1356 376 1439 praesentia
405 1356 652 1438 contemnebat,
687 1363 720 1420 et
752 1377 851 1421 novas
885 1356 954 1420 vias
986 1355 1173 1440 ingressus,
1206 1374 1266 1439 ope

193 1469 381 1534 dialecticae
407 1473 440 1533 et
462 1468 638 1534 rhetoricae
661 1469 758 1550 artis,
783 1491 881 1554 quam
897 1469 939 1533 ad
955 1489 1099 1553 unguem
1111 1466 1264 1548 callebat,

193 1583 233 1648 de
250 1582 386 1666 receptis
405 1581 613 1667 opinionibus
634 1588 667 1647 et
686 1581 847 1646 institutis
872 1604 946 1647 cum
967 1581 1142 1667 diligenter
1159 1580 1266 1665 inqui-

192 1717 260 1760 rere
289 1702 358 1761 tum
388 1696 551 1762 subtiliter
573 1697 739 1781 disputare
764 1697 910 1774 amabat3
933 1703 967 1761 et
993 1694 1146 1781 quicquid
1169 1693 1204 1757 in
1226 1692 1266 1757 iis
1316 1682 1321 1687 ’

192 1809 331 1874 obsoleti
367 1816 425 1875 aut
454 1831 569 1894 parum
603 1808 770 1894 probabile
803 1808 996 1892 offenderet,
1030 1807 1122 1872 nulla
1152 1806 1268 1891 religio

194 1928 263 1987 erat
286 1922 422 2007 abjicere
447 1927 602 2007 tanquam
627 1923 745 1987 scorias
771 1943 790 1986 a
815 1920 949 1986 metallo
972 1920 1141 1984 detractas.
1182 1940 1185 1944 ·

240 2036 326 2102 Satis
350 2035 479 2100 ostendi
502 2057 598 2120 quam
622 2036 753 2120 penitus
775 2033 950 2099 dissimilia
965 2032 1088 2097 fuerint
1100 2031 1267 2117 Euripidis

193 2147 488 2233 Aristophanisque
521 2148 661 2232 ingenia.
712 2148 825 2213 Unum
856 2154 965 2211 tamen
998 2143 1185 2209 addendum
1218 2149 1268 2208 cst

195 2267 234 2325 ut
264 2262 362 2346 probe
393 2261 577 2346 capiamus,
613 2281 668 2326 eur
701 2281 765 2325 non
790 2265 927 2346 possent
953 2258 1096 2322 diversas
1121 2257 1191 2320 vias
1216 2278 1264 2320 se-

194 2373 322 2460 quendo
353 2374 422 2439 sine
455 2375 533 2439 rixis
561 2375 677 2459 degere
700 2374 819 2457 vitam,
846 2372 902 2437 sed
924 2370 1018 2436 fatali
1041 2370 1181 2455 quadam
1211 2392 1268 2433 ne·

194 2487 346 2552 cessitate
381 2486 462 2551 alter
494 2488 528 2550 in
558 2487 694 2551 alterum
733 2485 863 2550 incitari
900 2485 1037 2549 deberet.
1086 2483 1189 2547 Fuere
1212 2482 1275 2567 qui·

194 2601 314 2665 mirum
344 2599 422 2686 quid
446 2600 507 2664 sibi
533 2599 718 2664 viderentur
740 2598 883 2663 conferre
907 2597 946 2661 ad
970 2603 1055 2661 recte
1078 2595 1268 2679 intelligen-

195 2715 275 2779 dum
296 2713 407 2779 odium
430 2733 493 2798 quo
518 2711 709 2796 Euripidem
731 2719 921 2796 prosecutus
943 2717 994 2776 est
1015 2709 1267 2795 Aristophanes,

196 2829 254 2893 ubi
280 2827 459 2911 allegarent
492 2824 607 2889 tritum
638 2823 834 2906 versiculum
860 2822 1062 2888 Hesiodeum
1091 2823 1132 2886 de
1154 2818 1270 2886 ἀοιδῶν

196 2938 305 3024 φθόνῳ
324 2941 343 3003 ¹.
377 2938 445 3003 Nos
469 2938 502 3001 in
528 2907 596 3001 lam
619 2937 792 3023 nugatorie
817 2936 1033 3021 explicatione
1054 2956 1120 2999 non
1141 2934 1269 3019 acquie-

196 3073 342 3129 scemus;
371 3051 427 3116 sed
462 3071 535 3115 eum
570 3049 725 3134 primaria
756 3071 853 3115 causa
877 3049 974 3134 hujus
998 3047 1177 3113 simultatis
1196 3046 1266 3131 jain

195 3165 371 3232 manifesta
393 3164 455 3246 sit,
479 3163 668 3228 secundaria
690 3183 816 3248 quoque
838 3168 876 3227 ut
890 3167 1062 3246 appareat,
1083 3166 1269 3244 reputemus

196 3278 367 3344 nobiseum
399 3298 462 3363 quo
495 3282 639 3360 tempore
672 3275 792 3340 vixerit
821 3280 965 3359 uterque.
1014 3272 1269 3356 Aristophanes,

196 3390 333 3455 minime
364 3391 472 3475 segnis
502 3389 581 3454 civis
607 3389 663 3454 sed
686 3389 810 3472 patriae
835 3389 1100 3474 amantissimus,
1126 3412 1197 3456 eam
1221 3389 1269 3452 vi-

198 3505 297 3569 debat
326 3504 366 3569 de
396 3503 518 3590 gloriae
551 3503 693 3569 culmine
726 3499 848 3568 sensim
883 3504 950 3568 labi
982 3505 1015 3567 in
1047 3505 1208 3584 deteriuS,
1238 3509 1270 3566 et

199 3618 332 3682 tandem
363 3617 478 3682 misere
506 3623 702 3701 prostratam
726 3617 820 3681 luxit.
871 3616 955 3680 Cum
978 3617 1135 3701 Euripide
1160 3625 1270 3682 tamen

197 3732 384 3813 contendit,
417 3730 556 3796 Athenis
594 3730 699 3794 adhuc
730 3729 893 3794 stantibus
931 3730 1080 3811 intactis,
1115 3730 1170 3798 sed
1205 3749 1270 3815 quo

199 3851 359 3927 tempore,
384 3850 422 3908 ut
445 3850 514 3909 erat
537 3843 651 3908 multis
675 3863 806 3908 suorum
828 3843 948 3908 civium
964 3843 1187 3928 perspicacior,
1199 3842 1268 3927 jam

199 3957 323 4041 passim
349 3958 483 4022 notabat
507 3958 668 4022 internam
694 3957 930 4041 corruptelam,
955 3978 1036 4041 quac
1059 3956 1141 4021 labis
1165 3963 1270 4021 exter-

200 4091 280 4152 nae,
306 4091 382 4134 mox
406 4077 590 4151 secuturae,
614 4070 747 4134 extabat
769 4091 874 4133 eausa.
913 4069 996 4134 Vere
1011 4068 1126 4153 ingens
1147 4068 1270 4134 malum

200 4184 340 4248 ducebat
376 4183 565 4249 effrenatam
608 4182 855 4264 ocblocratiam,
892 4203 973 4266 quae
1005 4182 1164 4266 gliscebat
1197 4188 1272 4268 post

237 4449 243 4480 ¹
263 4450 322 4498 vin.
340 4465 360 4499 e.
377 4465 401 4512 g.
419 4448 575 4499 Frisehliuus
592 4447 618 4494 in
636 4447 762 4495 Ranarum
779 4445 934 4508 expositione
951 4446 1016 4508 apud
1034 4447 1173 4496 Kusterum.
