3154 5198
784 372 826 433 60

272 557 391 622 versari
419 560 546 641 potest,
578 555 646 620 sive
670 576 798 619 summo
822 555 932 620 dolore
956 554 1009 620 vel
1032 559 1151 621 terrore
1175 555 1343 619 concutie-

271 678 335 752 tur,
368 668 437 733 sive
467 667 515 731 ira
547 667 761 732 excandescat
783 666 835 732 vel
858 666 1079 752 poenitentiae
1103 665 1248 731 stimulis
1271 665 1346 750 agi-

271 787 369 864 tetur,
402 802 568 866 uuuquam
601 788 667 846 tam
691 781 777 846 male
800 781 830 846 ei
847 802 924 854 ‚esse
946 787 1073 866 potest,
1099 780 1178 866 quin
1201 779 1344 866 aliquid,

271 896 299 960 si
331 917 395 960 non
429 894 533 960 facete
565 901 602 960 ut
636 895 737 960 Siculi
761 900 845 960 teste
869 894 1022 960 Cicerone
1042 897 1062 977 ¹,
1088 899 1122 958 at
1146 891 1346 958 sententiose

271 1008 367 1074 dicat.
407 1009 470 1075 Vel
503 1011 538 1074 in
574 1017 711 1076 mortem
735 1021 864 1076 mentes
888 1011 1001 1077 heroas
1025 1015 1059 1075 et
1081 1009 1231 1076 heroinas
1254 1007 1345 1073 vides

272 1123 507 1210 aliquantisper
541 1123 660 1189 morari
688 1125 878 1209 priusquam
909 1123 1097 1210 relinquant
1127 1143 1274 1205 scenam,
1306 1129 1346 1186 ut

271 1235 364 1321 ῥῆσιν
397 1237 495 1302 edant
528 1237 568 1302 de
601 1237 688 1301 vitae
722 1237 880 1302 brevitate
911 1249 945 1302 et
978 1234 1200 1302 inconstantia
1229 1234 1346 1324 valde

272 1348 396 1432 patriae
419 1370 527 1414 amore
550 1348 602 1414 vel
625 1349 665 1414 de
689 1347 790 1413 simili
813 1347 964 1432 materie,
989 1348 1031 1413 ad
1054 1349 1142 1413 locos
1158 1368 1345 1413 communes

273 1459 456 1526 referenda:
480 1460 627 1546 frigescit
640 1461 764 1526 interea
779 1460 908 1525 animus
921 1466 1149 1546 spectatorum.
1177 1459 1346 1540 Quomodo

274 1574 406 1638 tandem
420 1573 491 1640 fieri
503 1574 612 1660 potuit
628 1579 665 1639 ut
680 1575 779 1638 multi
794 1573 999 1639 laudaverint
1014 1573 1096 1638 illud
1111 1572 1345 1638 sententiarum

235 1775 236 1779 Ἰ
274 1687 465 1773 aucupium!
515 1687 601 1752 Nam
629 1709 716 1754 nune
747 1709 811 1752 non
843 1687 877 1751 id
906 1688 1090 1772 quaerimus
1114 1708 1222 1751 annon
1249 1685 1345 1751 dictis

274 1801 341 1866 illis
360 1801 560 1887 permultum
584 1801 788 1867 contineatur
810 1802 913 1867 honae
936 1800 1055 1886 frugis3
1073 1802 1174 1866 immo
1189 1801 1346 1865 fateor-

274 1921 307 1981 et
330 1915 403 2001 quis
426 1935 492 1980 non
514 1913 677 1978 fateatur?
699 1952 740 1961 -
765 1913 821 1977 vix
843 1912 1026 1998 elegantius
1050 1919 1084 1978 et
1106 1913 1233 1978 acutius
1253 1935 1346 1997 prae-

275 2036 368 2115 cepta
394 2026 619 2113 philosophica
641 2026 780 2112 exprimi
803 2048 897 2112 posse
920 2048 1019 2112 quam
1042 2026 1165 2092 factum
1188 2032 1239 2092 est
1260 2026 1346 2091 mul-

275 2145 318 2209 tis
341 2143 420 2208 locis
445 2139 648 2226 Euripideis3
678 2139 733 2226 qui
757 2140 785 2204 si
808 2140 966 2205 memoria
988 2145 1171 2222 teneantur,
1196 2163 1260 2206 non
1284 2142 1346 2207 mi-

275 2277 387 2320 norem
418 2256 597 2321 utilitatem
627 2254 741 2320 afferre
771 2261 911 2340 possunt
933 2254 1089 2320 hodierno
1113 2254 1226 2320 lectori
1249 2277 1346 2341 quam

275 2369 418 2454 antiquis
442 2368 646 2451 hominibuS‚
672 2367 728 2453 qui
752 2366 821 2453 ejus
838 2367 935 2432 verba
949 2367 1073 2452 passim
1086 2367 1121 2431 in
1133 2366 1201 2432 suis
1216 2367 1346 2452 scriptis

274 2481 455 2564 laudando,
486 2481 577 2546 mille
609 2487 642 2546 et
673 2481 814 2568 amplius
844 2480 1030 2567 fragmenta
1061 2500 1101 2544 ex
1133 2478 1202 2565 ejus
1226 2480 1346 2546 fabulis

238 2619 240 2622 ’
275 2595 450 2680 deperditis
479 2594 636 2660 oblivioni
671 2595 866 2682 eripuerunt.
916 2595 980 2662 Sed
1002 2616 1090 2660 nune
1113 2594 1203 2661 aliud
1226 2575 1346 2682 dijudi-

275 2709 415 2774 candum
447 2713 513 2790 est,
546 2729 662 2793 nempe
690 2716 800 2774 utrum
825 2715 939 2775 noceat
963 2707 1138 2794 tragoediis
1162 2708 1221 2774 illa
1243 2710 1347 2775 abun-

276 2823 388 2888 dantia
422 2823 590 2888 doctorum
623 2822 937 2908 apophthegmatum
964 2844 1081 2888 necne:
1111 2843 1171 2908 ego
1194 2843 1269 2886 vero
1297 2822 1348 2908 ajo

169 2990 173 2997 .
276 2943 309 3001 et
341 2936 505 3001 confirmo.
553 2935 600 3002 Ut
633 2937 722 3001 enim
756 2941 828 3002 utar
857 2936 1046 3002 Aristotelis
1074 2935 1197 3018 verbis,
1222 2937 1274 3000 ἐάν
1299 2964 1348 3010 τις
1412 3013 1415 3020 ¹

276 3048 384 3136 ἐφεξῆς
407 3049 447 3137 θῇ
461 3047 570 3135 ῥήσεις
592 3049 701 3125 ἠθικὰς
724 3055 773 3115 καὶ
791 3048 872 3124 λέξει
887 3054 935 3114 καὶ
954 3047 1077 3134 διανοίᾳ
1088 3048 1120 3114 εὖ
1132 3053 1349 3130 πεποιημένας,

277 3165 314 3228 οὐ
346 3164 468 3237 ποιήσει
501 3163 519 3228 ὃ
551 3165 589 3238 ἦν
621 3172 676 3238 τῆς
707 3159 886 3250 τραγῳδίας
918 3160 1051 3249 ἕργονῖ.
1078 3199 1122 3208 -
1147 3160 1249 3226 Saena
1283 3183 1350 3226 non

277 3283 327 3342 est
355 3275 465 3342 schola
499 3276 555 3341 ubi
590 3276 745 3342 salutaria
776 3283 948 3362 praecepta
981 3275 1100 3340 animis
1132 3273 1348 3358 inculcentur,

277 3389 439 3455 actoribus
476 3388 544 3454 vioe
563 3403 566 3410 '
583 3389 732 3475 magistri
765 3389 997 3476 fungentibus,
1033 3389 1090 3453 sed
1125 3387 1228 3472 ipsius
1262 3387 1349 3451 vitae

277 3501 370 3588 quasi
395 3501 563 3585 speculum
587 3510 807 3589 esse'oportet
821 3502 851 3566 ³:
873 3501 907 3566 id
925 3501 998 3586 jure
1020 3501 1203 3586 poscimus;
1228 3500 1350 3586 alioqui

277 3637 391 3700 operae
425 3614 565 3700 pretium
602 3638 666 3680 non
701 3623 770 3681 erat
803 3615 892 3681 adire
923 3615 1102 3697 theatrum,
1136 3635 1237 3699 quum
1261 3614 1350 3678 domi

278 3727 389 3793 liceret
410 3728 574 3814 perlegere
597 3729 730 3815 aliquod
753 3727 967 3794 enchiridium
992 3728 1031 3793 de
1055 3727 1150 3793 rebus
1174 3725 1350 3791 moralibus

278 3840 327 3906 v'el
354 3840 587 3928 philosophicis
611 3843 790 3908 autetiam
814 3839 985 3928 poetarum
1008 3843 1079 3907 loca
1102 3841 1229 3907 selecta.
1271 3839 1351 3904 Vita
1436 3842 1439 3847 '

280 3954 439 4020 imitanda
467 3962 500 4020 et
523 3957 733 4041 exprimenda
755 3963 821 4035 est3
846 3978 911 4021 non
937 3956 1022 4021 nude
1045 3955 1175 4042 quidem
1200 3962 1257 4019 aut
1280 3953 1350 4018 sine

280 4066 347 4130 ullo
378 4067 482 4131 colore
513 4075 546 4133 et
568 4076 700 4151 ornatu,
727 4072 782 4135 sed
807 4071 854 4134 ita
877 4078 986 4135 tamen
1011 4077 1048 4134 ut
1073 4069 1155 4134 nihil
1179 4067 1350 4132 audimnus

314 4250 321 4280 ¹
355 4252 385 4299 In
402 4253 508 4300 Verrem
526 4255 575 4312 IV,
592 4256 632 4303 43.

312 4339 323 4371 ²
356 4340 461 4389 Ariston
477 4352 541 4404 poet.
558 4345 581 4390 6.

249 4483 252 4490 ,
313 4428 323 4458 ³
356 4427 385 4474 Ἢ
403 4430 452 4492 ydp
470 4430 594 4497 ΤΡαΥφρἷίῑ
612 4433 714 4496 μίμησίς
733 4436 860 4482 iorem...
883 4433 950 4495 βίου,
968 4431 1024 4480 ibid.
