3154 5198
741 396 779 456 21

227 579 369 644 animive
398 576 534 642 humani
562 575 775 641 confunderet
791 585 810 640 ¹.
852 575 906 642 Sio
929 577 1061 661 Jupiter
1084 584 1119 642 et
1142 579 1252 644 aether
1271 581 1300 645 ei

225 694 314 758 idern
347 692 413 758 fere
446 689 634 776 significent
648 688 676 766 ²3
711 689 798 754 inter
834 689 982 754 Cererem
1018 697 1051 756 et
1086 696 1205 756 terram
1245 693 1301 758 vix

227 807 399 891 quiequam
430 804 585 869 interesse
609 807 705 887 putat
721 811 751 878 ⁸3
776 823 879 886 neque
903 801 1015 867 Venus
1039 825 1058 867 a
1083 802 1115 867 vi
1138 805 1300 888 genetrice

226 919 355 983 diverse
389 915 419 981 ei
452 914 582 980 videtur
597 915 619 977 ⁴.
667 913 739 978 Duo
774 935 839 978 non
874 936 945 978 raro
969 915 1106 979 nurnine
1128 915 1243 981 miscet
1267 917 1301 980 in

226 1052 347 1113 unum,
373 1028 520 1095 Cererem
543 1048 570 1092 e.
588 1047 620 1112 g.
646 1032 679 1091 et
703 1025 846 1109 Cybelen
862 1035 883 1090 ⁶.
921 1026 1150 1093 Narrationem
1173 1028 1213 1093 de
1237 1029 1300 1094 diis

227 1143 284 1209 ubi
306 1143 404 1207 nimis
428 1141 580 1208 censebat
603 1138 780 1224 puerilem,
807 1138 917 1223 eliqua
940 1138 1209 1225 interpretatione
1225 1141 1300 1226 phi·

226 1255 393 1340 losophice
427 1254 594 1336 meliorem
626 1251 656 1317 ei
694 1251 853 1337 subjicere
884 1273 1015 1318 sensum
1051 1253 1221 1320 studebat:
1254 1254 1300 1320 sio

227 1368 377 1452 mythum
396 1368 446 1440 'de
478 1366 605 1432 Beooho
636 1388 675 1430 ex
698 1365 792 1430 Jovis
816 1365 938 1430 femore
961 1372 1038 1431 neto
1062 1387 1119 1452 per
1141 1367 1299 1452 etymolo-

225 1482 334 1568 gicum
360 1487 579 1548 commentum
604 1478 668 1545 sibi
692 1479 780 1544 visus
805 1485 855 1544 est
870 1478 1033 1563 explicere
1047 1487 1077 1563 ⁶,
1095 1479 1176 1546 mire
1190 1486 1299 1546 temen

227 1594 419 1678 absurdum,
448 1617 529 1680 quae
553 1597 622 1659 erut
644 1592 852 1677 antiquorum
877 1591 1046 1656 hominurn
1070 1592 1106 1656 in
1130 1593 1300 1658 verborum

227 1707 407 1792 originibus
431 1705 670 1793 investigandis
693 1705 865 1790 imperitia.

273 1821 347 1887 Non
372 1831 482 1887 tumen
504 1820 591 1886 ultra
613 1819 833 1885 dubitationes
848 1840 1037 1904 progressus
1054 1825 1119 1897 est3
1137 1841 1301 1906 quumque

227 1935 332 2018 viam,
368 1955 432 2020 qua
464 1933 647 2015 institeret,
681 1954 745 1997 non
777 1932 819 1996 sd
854 1931 952 1998 finem
987 1931 1180 2016 decurrerit,
1212 1933 1300 1998 athei

227 2069 346 2113 nornen
371 2069 435 2112 non
452 2046 493 2112 eb
516 2047 607 2112 omni
627 2053 719 2131 parte
739 2044 773 2109 in
785 2067 860 2110 eum
874 2046 1031 2129 competit
1042 2046 1063 2111 ⁷.
1092 2046 1178 2126 Quid
1191 2054 1300 2112 sutem

261 2211 269 2243 ¹
288 2211 320 2260 Κ.
347 2211 376 2262 Ο.
402 2210 494 2261 ΜόΙΙοτ
519 2209 703 2272 Prolegomens
726 2195 759 2256 zu
783 2208 854 2257 einer
874 2207 1127 2259 wissensohefdiohen
1143 2207 1303 2272 Mythologie

226 2302 333 2364 peg.90:
350 2300 507 2365 “Aeschylus
515 2298 830 2362 undSophoklesglsubten
836 2300 909 2358 noch,
915 2301 1105 2350 unddiethter
1113 2301 1217 2350 lenden
1225 2299 1303 2349 ihnen

225 2391 270 2438 “in
279 2389 348 2438 ihrer
355 2389 554 2440 Persdnliehkeit
561 2389 664 2449 lebheft,
669 2391 716 2441 wie
724 2391 854 2441 wirkliche
863 2393 964 2450 Wesen,
972 2407 1017 2442 vor
1028 2394 1130 2456 Augen.
1146 2391 1193 2442 Bei
1201 2392 1301 2455 Euripi·

227 2481 290 2530 “des
306 2481 365 2530 eber
382 2481 415 2529 ist
431 2480 473 2530 ein
489 2481 608 2545 gewisees
618 2481 816 2545 Philosophiren,
827 2481 925 2532 freilieh
936 2481 976 2529 ein
984 2479 1099 2529 niemlieh
1108 2479 1302 2529 schwenlreudes

227 2569 1303 2636 “undunentsehiedenee,sestgensendieStelledermythisohenReligiongetreten.''

261 2658 273 2692 ²
289 2661 354 2710 Zeus
374 2681 402 2706 =
421 2661 508 2711 aether
523 2661 548 2708 in
566 2659 656 2724 sregm.
673 2662 723 2710 836
741 2662 842 2724 Wegn„
859 2659 1014 2710 donnino:

424 2750 485 2814 δρᾷς
503 2750 548 2798 τόν
565 2750 633 2815 ὑψοῦ
650 2749 717 2800 τόνδ’
735 2751 842 2814 ἄπειρον
859 2748 947 2813 αἰθέρα

423 2841 464 2888 καὶ
481 2843 532 2905 γῆν
548 2839 618 2905 πέριξ
634 2839 719 2904 ἔχονθ’
736 2839 825 2906 ὑγραῖς
841 2839 870 2888 ἐν
886 2838 1011 2904 ἀγκάλαις
1020 2856 1027 2898 ;

424 2932 516 2979 τοῦτον
533 2931 617 2994 νόμιζε
634 2934 716 2991 Ζῆνα,
734 2927 801 2978 τόνδ’
819 2927 884 2993 ἡγοῦ
902 2927 968 2976 θεόν.

228 3035 291 3082 quse
307 3035 340 3068 ex
356 3019 432 3068 Ennii
448 3019 563 3068 versione
580 3019 668 3070 Cicero
684 3020 715 3068 de
732 3019 765 3068 N.
783 3020 862 3069 Deor.
879 3018 916 3075 11,
931 3019 949 3067 2
965 3017 1001 3066 eie
1017 3017 1089 3066 ciret:

326 3113 411 3174 οτμὶον
429 3110 473 3159 lwo
489 3110 596 3158 sublime
612 3110 733 3167 eandem,
748 3125 822 3173 quem
838 3111 961 3158 innocent
977 3121 1061 3155 omnes
1077 3106 1171 3156 Jouem.

228 3199 271 3250 Sic
288 3198 362 3248 etism
379 3198 469 3263 fragm.
486 3199 535 3250 869
552 3199 638 3249 Dind:

490 3287 548 3336 ἀλλ’
566 3287 640 3351 αἰθὴρ
658 3288 734 3336 τίκτει
750 3303 786 3344 σε,
803 3287 879 3349 κόρα,

489 3380 548 3435 Ζεός
565 3380 594 3435 ὃς
611 3376 659 3439 (ἐν)
676 3376 823 3439 ἀνθρώποις
841 3375 997 3437 ὀνομάζεται.

264 3469 274 3500 ³
291 3470 342 3519 Vd.
359 3469 486 3520 Phoeniss.
503 3484 540 3517 vs.
558 3469 690 3518 oet-693
706 3475 732 3515 et
747 3465 812 3515 oonf.
829 3465 921 3514 Beoeh.
938 3479 975 3514 vs.
992 3464 1042 3514 275
1058 3477 1094 3524 sq.

264 3560 274 3590 ⁴
291 3561 343 3610 Vd.
359 3559 461 3623 Hippol.
478 3572 515 3606 vs.
532 3559 581 3611 447
598 3572 649 3621 sqq.
667 3565 693 3606 et
708 3558 739 3604 de
756 3555 803 3604 hoo
818 3554 873 3604 loeo
890 3571 914 3604 v.
932 3554 1055 3617 Limburg
1072 3554 1195 3602 Bronwer
1210 3545 1322 3602 Proere'

228 3666 290 3700 orer
306 3650 446 3713 Dumpides
461 3663 519 3712 pag.
538 3648 592 3707 132,
608 3648 632 3696 3.

264 3738 342 3788 ‘Vd
361 3739 453 3788 Helen.
470 3754 506 3787 vs.
527 3739 698 3792 leri-1384.

265 3826 276 3858 ⁶
292 3831 370 3892 μηρὸς
387 3855 419 3864 -
436 3827 544 3892 ὅμηρος,
561 3827 644 3877 Beeeh
669 3841 705 3875 rs.
721 3826 770 3876 286
786 3824 908 3889 sqq.;nisi
916 3824 1088 3888 interpolatori
1098 3824 1138 3872 hie
1145 3823 1212 3872 loeus
1218 3821 1306 3872 deben-

229 3929 285 3976 tur,
303 3927 330 3967 nt
346 3919 497 3966 contendunt
513 3916 660 3966 Dindorfms
676 3915 768 3979 ultique
784 3915 949 3973 recentiorem
966 3913 998 3962 cf.
1015 3913 1076 3976 cup.
1093 3913 1119 3961 V
1129 3911 1306 3962 versusdnem.

265 4007 274 4042 ⁷
293 4007 379 4056 Verbo
403 4005 532 4070 Talthybii
554 4005 581 4053 in
599 4005 703 4054 Hecube
719 4020 754 4052 vs.
773 4005 823 4053 488
839 4019 890 4067 sqq.
908 4003 970 4051 mihi
987 4003 1103 4052 videntur
1121 4001 1198 4064 ipsius
1216 4010 1307 4063 poetae

229 4098 344 4146 animum
360 4096 522 4152 ἔνδοιάζοντα
539 4103 691 4144 monstrare:

428 4187 447 4233 d
465 4187 520 4246 Ζεῦ,
537 4185 562 4233 τί
578 4183 641 4240 λέξω
647 4201 655 4244 ;
673 4182 767 4247 πότερά
784 4180 806 4231 o’
824 4181 976 4247 ἀνθρώπους
993 4181 1068 4245 ὁρᾶν,

429 4274 445 4334 ἡ
462 4274 539 4330 δόξαν
556 4275 640 4331 ἄλλως
656 4271 729 4332 τήνδε
746 4271 877 4330 κεκτῆσθαι
892 4271 990 4336 μάτην,

431 4363 534 4427 ψευδῆ,
552 4362 690 4420 δοκοῦντας
707 4360 835 4425 δαιμόνων
852 4361 917 4410 εἶναι
934 4357 1034 4424 γένος,]

431 4452 510 4516 τύχην
526 4452 550 4501 δὲ
569 4453 653 4500 πάντα
670 4452 719 4500 τόν
735 4451 840 4515 βροτοῖς
857 4451 1017 4508 ἐπισκοπῆς
