3154 5198
719 392 760 454 55

202 574 303 640 Vides
337 575 389 638 hic
422 596 521 660 quum
549 573 645 638 rideri
677 573 845 660 Euripidis
870 575 1052 660 speciosum
1077 581 1109 642 ei
1131 553 1275 663 philoso-

201 688 334 773 phicum
365 687 493 753 dicendi
523 709 644 773 genua,
678 709 772 772 saepe
799 687 840 752 ad
863 709 901 753 ea
924 710 1051 775 quoque
1074 693 1278 761 enuncianda

202 801 387 866 adhibitum
424 823 505 886 quae
538 801 616 866 trita
651 809 761 867 essent
797 807 830 868 ei
862 802 1025 889 vulgaria,
1057 807 1143 889 quod
1167 807 1218 872 vel
1242 807 1276 871 in

194 915 348 998 janitoris
376 914 480 980 verbis
504 914 646 980 cernitur
669 917 731 998 (vs.
758 919 824 980 400
848 918 930 1003 sq.)‚
957 921 1029 981 tum
1053 917 1150 985 inane
1174 920 1276 985 subli-

200 1029 304 1095 mium
334 1051 441 1094 rerum
472 1029 636 1112 studium,
662 1029 718 1093 nbi
743 1029 918 1114 Euripides
942 1016 1061 1096 dicitur
1084 1030 1273 1118 ἀναβάδην’

199 1163 391 1228 componere
416 1141 624 1228 tragoediam.

246 1255 461 1322 Simillimum
499 1257 607 1322 locum
647 1257 837 1341 suppeditat
870 1257 1275 1342 Thesmophoriazusarum

199 1369 348 1446 initium,
385 1370 578 1436 Mnesilochi
609 1392 682 1435 cum
715 1369 872 1455 Euripide
896 1370 1066 1436 continens
1090 1371 1275 1458 dialogum:

244 1485 373 1550 Mnesil.
426 1484 453 1550 0
485 1485 679 1569 Euripides,
712 1485 863 1569 numquid
888 1507 908 1548 a
932 1495 961 1548 tc
984 1485 1104 1550 discere
1127 1485 1277 1572 licetque

421 1621 467 1664 mc
489 1599 608 1663 ducas?

245 1713 320 1778 Eur.
425 1713 468 1777 Ac
490 1734 569 1798 qaae
591 1715 698 1776 stcic'm
717 1732 872 1796 praesens
895 1710 1010 1777 videbis
1033 1733 1093 1777 non
1117 1713 1230 1778 codice
1249 1722 1278 1776 te

422 1835 551 1911 oportet.

245 1939 373 2004 Mnesil.
427 1940 514 2021 Quid
533 1943 605 2004 cia?
652 1941 772 2004 Iterum
795 1939 860 2004 dic:
877 1921 1276 2024 ncncudircmccporici?

244 2052 319 2117 Eur.
424 2054 499 2118 Non
522 2075 560 2117 ea
581 2074 660 2138 quac
682 2055 806 2117 visurae
828 2074 868 2117 ea.

245 2167 372 2232 Mnesil.
421 2168 530 2253 Neque
541 2166 634 2252 sorte
655 2166 760 2232 cidere
782 2189 829 2232 mc
851 2174 993 2252 oporiet?

244 2281 320 2346 Eur.
425 2282 500 2346 Noa
522 2303 560 2346 co
583 2303 661 2368 quoe
684 2279 813 2346 occidus
834 2291 908 2346 euni
925 2285 1142 2368 parapanda.

245 2397 372 2461 Mnesil.
425 2396 512 2477 Quid
532 2395 655 2460 tandem
667 2393 784 2479 jubes?
808 2395 895 2460 docte
918 2406 1020 2462 tamea
1044 2396 1185 2482 loqueris.
1212 2394 1275 2457 Di-

419 2513 464 2575 cis
486 2518 629 2595 oportere
652 2529 698 2573 mc
721 2531 816 2595 neque
839 2511 951 2575 codice
973 2532 1069 2597 neque
1090 2508 1203 2575 cidere.

244 2622 320 2687 Eur.
425 2625 513 2688 Haec
536 2623 597 2688 duo
620 2626 700 2687 enim
724 2632 844 2687 notura
866 2633 940 2689 sunt
962 2625 1110 2709 amancio.

244 2735 372 2800 Mnesil.
431 2736 541 2801 Videre
563 2745 591 2800 ci
614 2735 750 2800 codice?

244 2848 319 2913 Eur.
425 2850 556 2915 Scilicet.

232 3124 240 3154 ¹
274 3125 332 3174 Non
356 3125 428 3188 plane
452 3129 548 3174 constat
572 3123 630 3185 quid
647 3123 694 3170 hoc
711 3122 857 3171 vocabulum
874 3123 1004 3186 significet.
1038 3123 1138 3173 Scholia
1155 3123 1215 3175 hace
1233 3126 1274 3174 ha-

197 3216 268 3262 bent:
295 3213 441 3277 ἀναβάδην,
466 3215 519 3262 ἅνω
546 3213 605 3269 τοὺς
631 3212 715 3270 πόδας
740 3212 805 3275 ἔχων
830 3212 871 3260 liri
898 3212 998 3276 ὑψηλοῦ
1024 3213 1104 3261 τόπου
1127 3213 1274 3277 καθήμενος.

196 3305 268 3365 Quae
283 3304 365 3366 capiet
381 3305 421 3368 qui
438 3303 512 3366 capit.
547 3299 662 3363 Suspicor
679 3300 729 3348 duo
746 3300 970 3363 interpretamenta
985 3301 1136 3351 confluxisse
1154 3302 1177 3350 in
1190 3317 1276 3362 unum,

197 3401 224 3441 et
248 3400 304 3455 post
328 3393 393 3456 ἔχων
418 3391 489 3456 plene
514 3390 716 3454 distinguendum
742 3403 808 3447 esse,
835 3397 863 3438 nt
888 3389 998 3438 scholion
1015 3390 1051 3437 iia
1068 3399 1192 3440 venatur:
1210 3391 1274 3442 ἀνα-

198 3479 295 3542 βάδην]
307 3485 450 3546 ,reacpiacs
466 3495 567 3530 corsica
578 3481 709 3543 porrectis
720 3479 876 3542 pcdibce.—
889 3479 924 3526 Io
941 3479 996 3527 alto
1015 3479 1170 3529 occaecans.
1196 3480 1277 3531 Simili

179 3571 294 3620 'ratione
319 3585 335 3619 a
359 3571 416 3620 Tib.
441 3569 632 3620 Hemstcrhusio
656 3571 813 3618 amendatum
838 3575 875 3617 cst
900 3575 925 3616 et
946 3569 1087 3632 expositum
1113 3570 1223 3621 scholion
1243 3571 1276 3619 ad

200 3659 266 3707 Plut.
284 3673 320 3708 vs.
340 3659 409 3709 1123.

234 3749 392 3797 Hermannus
409 3751 440 3798 ad
456 3749 545 3812 Viget.
562 3763 619 3812 pag.
635 3749 686 3799 373
697 3747 817 3810 explicat:
830 3746 941 3810 pedibus
951 3761 1051 3796 corconi
1061 3762 1147 3796 cereas
1158 3751 1275 3807 eclesiis,

197 3839 325 3901 ponderate
345 3853 377 3886 oc
401 3840 492 3901 eicpino
508 3840 607 3900 capite,
627 3856 655 3879 =
674 3837 834 3900 acpiipccaicc
850 3851 882 3884 cc
893 3836 1081 3899 perfunctorie
1115 3835 1165 3886 Sed
1183 3838 1218 3885 sic
1234 3852 1275 3899 pe·

199 3939 255 3975 rum
281 3926 321 3974 hic
345 3939 433 3975 versuo
454 3941 511 3974 curn
528 3926 690 3988 praecedente
707 3925 862 3983 cohaererem
880 3939 961 3988 neque
978 3939 1085 3988 unquam
1103 3926 1276 3989 ocqliqcaticc

200 4031 271 4065 reum
296 4015 355 4064 fecit
378 4015 525 4078 Euripidem
545 4015 665 4073 comicus,
682 4029 713 4064 ne
731 4015 776 4063 hac
792 4014 893 4076 quidam
910 4014 934 4060 in
953 4013 1048 4073 fabula,
1066 4016 1109 4064 sed
1125 4014 1206 4077 potius
1222 4013 1275 4062 dili-

200 4104 299 4168 gantiae
310 4105 392 4168 justos
407 4104 499 4152 limites
516 4105 672 4167 egredientis.

234 4195 363 4263 Optimum
388 4195 463 4257 igitur
487 4201 560 4256 puto,
587 4193 702 4251 Suidam,
725 4191 878 4254 Hesychinm
900 4199 925 4238 ot
942 4189 1028 4238 scholii
1044 4197 1140 4253 partam
1158 4190 1276 4253 posterio-

202 4299 255 4332 rem
272 4284 353 4347 sequi,
370 4290 396 4331 el
413 4282 550 4343 ἀναβάδην
568 4289 666 4331 venero
683 4283 806 4338 corilionis,
823 4283 853 4328 in
870 4281 975 4329 sublimi
990 4279 1086 4337 sedeas,
1103 4279 1275 4329 undedcscca-

152 4435 155 4441 Δ
199 4373 262 4421 dore
278 4387 304 4422 se
320 4387 390 4435 posse
407 4379 482 4434 negot
499 4359 629 4434 Euripides
646 4387 682 4419 vs.
699 4372 756 4420 409.
789 4369 825 4420 cf
846 4369 920 4418 schol.
939 4369 971 4416 cd
987 4369 1092 4417 vsdld:
1111 4370 1275 4432 φαίνεταιέπὶ

202 4465 249 4521 τῆς
267 4467 360 4523 σκηνῆς
379 4460 498 4526 μετέωρος
516 4461 631 4521 (fortasse
649 4461 673 4508 in
691 4460 816 4524 κρεμάθρᾳ
836 4466 863 4507 nt
880 4458 995 4508 Socrates
1011 4459 1076 4508 Nub.
1095 4474 1130 4506 vs.
1146 4459 1213 4520 226).
