3154 5198
834 389 872 451 18

361 572 423 637 His
455 578 564 638 autem
597 573 755 640 doctrinis
779 573 930 640 initiatus
956 573 1158 658 Strepsiades
1182 573 1342 657 rusticus,
1376 597 1393 639 e

310 684 425 748 'schola
467 685 606 750 Socratis
648 705 809 767 reversus,
857 683 904 749 sic
937 684 1049 749 illudit
1082 685 1150 748 filio
1179 685 1305 771 juranti
1336 711 1394 773 per

315 799 432 862 dorem
456 798 648 882 Olympium
671 821 717 864 vs.
740 801 803 864 818
828 821 896 884 eq.:

462 919 466 926 '
516 907 636 998 idor'r·7'
657 908 724 977 idcir
748 913 796 976 Δί’
818 909 1005 993 Ὀλύμπιον·
1028 921 1082 985 τῆς
1103 916 1235 998 μωρίας·

516 1026 552 1087 τὸ
575 1028 636 1088 Δία
658 1023 811 1106 νομίζειν,
834 1027 911 1088 ὄντα
932 1021 1140 1098 τηλικουτονί·

318 1140 350 1197 et
371 1155 447 1197 mox
466 1154 540 1200 cum
560 1136 716 1200 creditore
738 1134 836 1199 Pasia
857 1135 903 1199 ita
925 1135 1099 1198 altercatur
1113 1135 1175 1218 (vs.
1195 1138 1278 1198 1232
1292 1139 1394 1218 sqq.):

361 1249 439 1312 Pas.
514 1254 561 1313 καὶ
584 1250 667 1314 ταῦτ’
690 1247 845 1323 ἐθελήσεις
867 1248 1026 1330 ἆπομόσαι
1046 1276 1099 1330 μοι
1120 1252 1192 1324 τοὺς
1215 1246 1321 1322 θεοός;

362 1361 483 1444 Streps.
522 1363 636 1433 ποίους
658 1357 764 1433 θεοός;

622 1471 701 1534 Pas.
781 1471 820 1535 ὃν
842 1469 880 1534 ἂν
902 1468 1036 1534 κελεύσω
1058 1473 1153 1556 ’γωγί
1174 1499 1225 1544 σε,

520 1585 575 1648 τὸν
598 1587 677 1656 Δία,
699 1585 755 1648 τὸν
775 1583 908 1669 Ἑρμῆν,
930 1584 987 1646 τὸν
1011 1578 1163 1647 Ποσειδῶ·

989 1691 1110 1776 Streps.
1159 1693 1196 1766 νὴ
1229 1698 1305 1762 Δία,

520 1807 576 1872 κᾶν
598 1803 846 1894 προςκαταθείην
867 1807 909 1891 γ’,
931 1807 1003 1870 ὥστ’
1028 1805 1153 1885 ὀμόσαι,
1176 1801 1372 1890 τριώβολον.

881 2013 1060 2097 θαυμασίως
1082 2013 1184 2090 ἥσθην
1207 2013 1307 2090 θεοῖς,

519 2129 565 2186 καὶ
589 2127 662 2196 Ζεὺς
684 2122 813 2207 γέλοιος
835 2123 1010 2202 ὀμνύμενος
1031 2129 1099 2194 τοῖς
1121 2117 1246 2185 εἰδόσιν·

365 2243 469 2307 Filius
491 2262 575 2323 vero,
596 2240 684 2305 brevi
706 2248 851 2324 tempore
862 2238 960 2302 nimis
972 2239 1053 2303 bene
1066 2239 1198 2304 edoctus
1213 2261 1328 2304 noram
1342 2239 1395 2302 di-

319 2357 491 2441 sciplinam
502 2353 761 2446 philosophicam
774 2358 807 2417 et
816 2352 974 2418 rhetorica
987 2352 1133 2436 artificia,
1144 2359 1270 2438 patrem
1282 2352 1395 2418 verbe·

319 2479 379 2551 rat,
403 2475 435 2532 et
453 2466 529 2532 deos
552 2467 674 2551 patrios
688 2466 906 2530 obtestantem
918 2465 969 2529 his
983 2465 1089 2530 verbis
1105 2464 1216 2530 irridet
1227 2487 1273 2530 vs.
1290 2469 1393 2529 1469:

519 2577 589 2645 idori
610 2606 646 2665 γε
669 2582 731 2643 Δία
752 2583 910 2664 πατρῷον·
934 2580 977 2652 ὡς
999 2578 1135 2665 ἀρχαῖος
1157 2579 1192 2643 εἶ·

522 2687 594 2758 Ζεὺς
616 2684 679 2771 γάρ
700 2713 748 2758 τις
770 2684 870 2755 ἐστιν;

322 2791 409 2855 Male
434 2789 596 2854 mulcatus
628 2788 759 2853 tandem
791 2787 953 2852 exclamat
989 2788 1191 2872 Strepsiadcs
1218 2811 1263 2854 vs.
1291 2793 1393 2854 1476:

521 2901 603 2984 α’ίμοι
624 2905 809 2988 παρανοίας·
833 2903 876 2976 ὡς
899 2903 1065 2984 ἐμαινόμην
1087 2903 1148 2990 ἄρα

521 3007 565 3072 ὅτ’
587 3004 767 3092 ἐξέβαλλον
788 3010 863 3082 τοὺς
886 3004 977 3080 θεοὺς
1000 3003 1049 3071 διὰ
1073 3008 1234 3094 Σωκράτη·

321 3119 354 3177 et
389 3113 518 3178 ulturus
549 3111 780 3178 contumeliam
815 3133 911 3196 quam
939 3132 1110 3196 perpessus
1134 3111 1241 3177 fuerat
1265 3111 1393 3194 ofilio,

323 3229 566 3311 φροντιστήριον
602 3225 760 3308 Socratis,
794 3224 949 3290 adscensu
976 3231 1083 3308 tecte,
1108 3225 1288 3306 comburit,
1312 3225 1396 3289 inter

322 3339 387 3402 alia
419 3340 532 3404 acerba
569 3339 602 3402 in
638 3337 850 3422 philosophos
885 3336 1129 3402 semiustulatus
1165 3337 1299 3402 dicteria
1335 3339 1394 3401 hoc

323 3473 449 3536 quoque
472 3451 668 3517 vociferans:
751 3491 754 3496 Δ

523 3566 553 3630 τί
573 3567 636 3650 γὰρ
658 3565 813 3640 παθόντες
834 3570 909 3641 τοὺς
932 3564 1022 3640 θεοὺς
1043 3561 1205 3652 ὑβρίζετε;

340 3735 342 3740 .
369 3670 493 3736 Chorus
521 3691 595 3735 vero
620 3669 785 3752 Nubium‚
810 3693 925 3756 quem,
951 3670 1033 3734 mira
1059 3669 1266 3734 conversione
1290 3666 1395 3748 lacta,

324 3783 358 3848 in
393 3783 511 3849 ultima
533 3783 715 3848 comoediae
738 3790 829 3868 parte
862 3783 1018 3868 sophistis
1042 3783 1212 3847 inimicum
1236 3781 1396 3863 videmus,

325 3919 426 3982 quum
458 3896 554 3962 initio
588 3894 802 3980 interisset,
828 3897 880 3962 his
903 3897 1009 3962 verbis
1035 3918 1069 3962 se
1093 3896 1232 3981 gaudere
1257 3900 1398 3959 testatur

329 4009 524 4095 Strepsiadis
552 4009 731 4074 infortunia
755 4031 802 4074 vs,
831 4011 915 4074 1458
940 4032 1030 4095 sqq.:

526 4126 611 4205 ἡμεῖς
632 4131 781 4206 ποιοῦμεν
803 4123 888 4189 ταῦθ’
911 4122 1062 4194 ἑκάστοθ’,
1086 4129 1161 4189 ὅταν
1182 4124 1251 4188 τινὰ

528 4231 652 4312 γνῶμεν
673 4233 823 4314 πονηρῶν
846 4228 910 4293 ὄντ’
932 4229 1064 4314 ἐραστὴν
1085 4229 1296 4312 πραγμάτων,

527 4333 585 4406 ἐως
607 4332 646 4396 ἂν
667 4333 763 4396 αὐτὸν
784 4330 972 4419 ἐμβάλωμεν
994 4338 1036 4408 εἷς
1059 4335 1167 4402 κακόν,

529 4441 615 4509 ὅπως
637 4436 684 4520 ἂνΙ
698 4433 761 4520 εἰδῇ
783 4440 856 4511 τοὺς
880 4436 970 4512 θεοὺς
992 4435 1167 4503 δεδοικέναι·
1248 4483 1250 4488 -
