3180 5196
730 408 790 469 121

266 589 316 654 Ne
350 593 460 655 tamen
483 589 523 652 de
546 588 750 674 argumenti,
781 587 867 675 quod
891 588 925 651 in
947 588 1008 653 hoo
1031 586 1207 672 specimine
1231 591 1296 652 tra-

222 703 326 787 ctavi,
350 701 486 768 historia
507 702 651 768 literaria
673 682 807 767 omnino
830 706 972 783 taceam,
997 722 1100 786 pauca
1123 699 1297 786 hucperti-

223 816 336 881 nentia
358 815 478 881 cursim
501 824 534 880 et
557 814 659 880 veluti
682 814 787 879 obiter
809 813 1025 902 subjungam,
1049 835 1131 898 quae
1154 813 1182 878 si
1200 814 1297 879 bene-

223 929 317 995 volus
351 930 452 996 lector
483 953 503 995 a
530 929 705 995 sterilitate.
726 950 841 1014 parum
871 929 982 994 abesse
1013 927 1203 1011 arbitretur,
1239 950 1298 1014 ego

223 1044 361 1128 pedibus
385 1067 422 1110 eo
442 1045 480 1117 ,in
505 1044 574 1130 ejus
598 1044 812 1121 sententiam
836 1063 933 1128 quare
951 1048 984 1107 et
1002 1043 1083 1127 ipse,
1101 1043 1177 1108 huic
1195 1042 1299 1127 operis

224 1157 291 1222 mei
313 1157 400 1242 parti
416 1157 638 1239 subirasoens,
663 1156 789 1222 numeri
814 1155 966 1241 titulique
984 1156 1139 1221 honorem
1162 1155 1192 1221 ei
1215 1155 1299 1234 invi-

224 1269 329 1335 derim
354 1270 608 1356 simpliciterque
631 1269 822 1355 appellarim
846 1275 944 1354 caput
965 1269 1114 1336 ultimum

272 1382 319 1448 At
340 1383 515 1448 nonnullos
539 1389 623 1449 certe
646 1404 894 1449 commemorare
917 1382 1009 1447 lubet
1027 1381 1112 1446 viros
1130 1380 1301 1466 primarios

225 1497 264 1561 in
286 1496 452 1561 literarum
487 1494 651 1580 republica
674 1495 729 1580 qui
752 1494 792 1559 de
815 1495 875 1559 hac
898 1516 931 1559 re
955 1493 1161 1579 scripserunt.
1211 1495 1302 1559 Inter

226 1608 474 1696 antiquissimos
504 1615 579 1692 post
601 1613 729 1671 renatas
752 1607 863 1671 literas
886 1610 937 1670 est
957 1604 1144 1673 referendus
1172 1605 1303 1672 Beroal-

228 1723 310 1804 dus,
334 1719 507 1786 acerrimus
531 1719 587 1784 ille
610 1718 777 1803 Euripidis
801 1719 1013 1801 obtrectator,
1038 1719 1190 1785 adversus
1208 1741 1307 1805 quem

229 1832 347 1918 tragici
371 1853 502 1897 causam
525 1830 628 1896 tuitus
653 1837 703 1896 est
727 1830 866 1896 Sabinus
883 1833 902 1895 ¹.
936 1831 1054 1897 Postea
1077 1832 1111 1896 in
1133 1855 1171 1899 eo
1194 1833 1304 1899 defen-

230 1946 338 2011 dendo
371 1949 469 2029 atque
491 1943 653 2008 laudando
677 1963 771 2007 nemo
800 1964 835 2007 se
857 1943 1022 2027 praestitit
1045 1951 1113 2011 tam
1137 1925 1306 2012 strenuum

231 2081 331 2146 quam
367 2057 541 2124 Barnesius
556 2059 587 2140 2,
621 2058 679 2143 qui
708 2057 737 2122 si
766 2046 889 2142 ingenii
919 2058 1067 2124 acumine
1099 2081 1164 2125 non
1197 2059 1306 2124 minus

232 2171 406 2258 polluisset
426 2194 524 2258 quam
547 2177 639 2238 vasta
661 2172 718 2236 sed
740 2171 903 2256 indigesta
926 2171 1075 2255 scientia,
1100 2173 1214 2258 majori
1234 2173 1308 2239 usui
1368 2222 1370 2225 .

235 2293 322 2352 esset
344 2286 412 2371 ejus
437 2286 620 2352 dramatum
644 2285 893 2372 Euripideorum
916 2285 1024 2353 editio.
1050 2286 1114 2352 Hic
1137 2287 1220 2352 nihil
1243 2309 1308 2353 non

235 2401 272 2465 in
295 2400 451 2487 Euripide
475 2399 669 2481 admiratur,
690 2397 772 2463 nihil
785 2419 850 2482 non
870 2397 951 2463 false
970 2404 1003 2463 et
1021 2399 1165 2484 maligne
1183 2399 1218 2463 in
1235 2422 1309 2466 eum

236 2537 258 2579 a
287 2512 408 2579 comico
432 2514 557 2579 dictum
588 2517 715 2596 censet,
743 2511 943 2597 argumentis
968 2533 1062 2596 saepe
1084 2535 1125 2578 ex
1148 2514 1311 2600 theologia

236 2626 415 2692 christiana
445 2625 577 2710 petitis,
604 2631 642 2689 ut
660 2623 812 2692 ,subinde
834 2623 923 2688 dicas
946 2644 1020 2688 eum
1043 2645 1110 2688 non
1132 2624 1172 2690 de
1193 2627 1310 2692 veteris

238 2744 353 2824 poetae
376 2737 525 2823 operibus
549 2738 606 2804 sed
630 2739 669 2802 de
691 2737 835 2823 aequalis
857 2737 1026 2823 cujusdam
1052 2738 1155 2824 Angli
1168 2739 1311 2805 homiliis

228 2863 343 2941 agere.
377 2850 474 2916 Hunc
498 2851 553 2936 qui
576 2851 672 2936 longe
695 2851 860 2936 superavit
881 2850 1130 2935 Valckenarius,
1155 2851 1204 2916 vir
1226 2852 1314 2917 fama

242 2973 275 3030 et
298 2963 477 3029 eruditione
499 2964 623 3028 nemini
646 2963 824 3047 secundus,
849 2985 950 3049 quum
971 2964 1132 3051 plerisque
1153 2964 1188 3028 in
1210 2964 1336 3050 parti·

243 3080 303 3145 bus
337 3100 411 3144 eum
434 3078 642 3162 impugnaret
665 3083 698 3142 et
718 3057 896 3160 refelleret,
921 3077 954 3141 id
981 3098 1083 3141 unum
1107 3083 1314 3144 tamencum

156 3227 160 3231 ·
243 3191 353 3276 Angla
384 3210 554 3255 commune
577 3185 692 3254 habuit
715 3189 800 3274 quod
824 3189 1013 3274 Euripidem
1036 3190 1194 3277 singulari
1216 3176 1314 3277 uenoss

244 3305 368 3368 ratione
401 3302 518 3367 coleret
549 3308 583 3368 et
613 3301 831 3368 “christianae
852 3301 1003 3388 religioni
1026 3301 1177 3368 affinem’'
1201 3303 1315 3395 existi-

246 3424 364 3499 maret,
382 3415 611 3499 Aristophanis
628 3420 736 3482 autom
749 3415 872 3500 judicio
887 3416 944 3481 vix
960 3416 1133 3502 quicquam
1145 3416 1314 3499 tribueret,

246 3553 266 3595 a
300 3548 362 3615 quo
388 3531 444 3616 qui
474 3529 637 3614 “turpiter
668 3530 702 3594 in
733 3551 828 3595 scena
859 3529 1049 3614 violaretur,
1082 3530 1254 3615 Euripides
1287 3531 1316 3597 si

247 3643 319 3730 quis
343 3644 425 3708 alius
448 3652 573 3727 praeter
587 3643 769 3726 Socratem,
787 3643 1056 3728 indignissimus'’
1070 3644 1100 3709 ei
1115 3645 1283 3710 videbatur
1293 3657 1314 3709 ³.

248 3757 403 3842 Prologos
434 3763 542 3821 tamen
573 3756 767 3840 Euripideos
797 3757 830 3821 in
863 3757 1079 3841 patrocinium
1107 3778 1170 3822 non
1197 3759 1317 3844 recepit

247 3877 282 3935 ct
303 3869 471 3954 Sophoclis
496 3869 635 3934 exordiis
659 3869 800 3935 multum
823 3869 1022 3955 posthabuit.

247 4018 333 4077 “velit,
349 4031 405 4066 saro
420 4019 452 4066 ad
468 4019 577 4081 ipsarum
595 4019 778 4083 tragoediarum
793 4019 925 4069 lectionem
941 4021 1080 4083 perveniat,
1096 4021 1222 4071 dissimilis
1236 4023 1317 4073 Athe·

247 4108 402 4158 “niensibus¹
414 4109 551 4167 veteribus,
573 4109 616 4172 qui
632 4108 706 4158 nullis
722 4109 863 4172 hujusmodi
879 4109 1004 4158 laboribus
1019 4111 1150 4160 exantlatis
1166 4111 1318 4176 tragicorum

246 4197 359 4246 “fabulas
378 4196 403 4245 in
421 4184 518 4246 theatro
535 4211 584 4247 non
601 4197 682 4245 solum
698 4196 841 4261 spectabant
857 4196 900 4246 sed
917 4197 993 4246 etiam
1008 4197 1202 4262 intelligebant.''

283 4287 396 4335 ¹Eranc.
414 4286 481 4336 Flor.
499 4285 585 4336 Sabini
601 4286 671 4336 Lect.
689 4286 803 4335 subcisiv.
820 4285 857 4343 11,
873 4301 925 4349 cap.
946 4288 983 4336 13.
1006 4311 1009 4319 ·

283 4375 293 4410 ⁹
309 4375 435 4438 Euripidis
452 4391 515 4440 quae
530 4384 618 4425 extant
635 4385 689 4435 etc,
705 4391 779 4439 opera
796 4376 817 4424 Ι.
834 4377 939 4436 Barnea,
957 4375 1030 4428 Cant.
1049 4379 1117 4428 1694.

283 4462 293 4497 ³
310 4464 392 4516 Diatr.
409 4481 464 4529 pag.
481 4465 550 4518 460.
708 4456 709 4459 Ἴ
