3180 5196
840 363 880 426 78

324 546 420 630 ditis,
446 546 485 610 de
509 545 625 630 quibus
650 543 839 630 plerumque
862 565 978 629 pamm
1000 548 1145 626 constat,
1167 541 1261 626 plura
1275 542 1400 607 addere

324 680 404 744 opus
428 663 493 736 est;
519 657 658 722 sufficiat
681 679 746 721 uno
770 657 865 722 verbo
889 655 1089 721 mentionem
1112 655 1214 720 facere
1237 656 1277 720 de
1296 655 1400 721 Pala-

322 770 434 853 mede,
466 769 558 854 cujus
592 768 720 835 fabulae
754 774 983 854 argumentum
1013 773 1082 832 erat
1106 767 1199 866 heros
1238 769 1272 831 in
1302 769 1400 853 judi-

324 883 410 948 cium
433 884 591 950 adductus
615 891 648 949 et
668 883 784 968 capitis
807 881 991 948 damnatus.

369 995 476 1075 Quum
498 1007 606 1062 autem
630 997 759 1062 inistis
781 997 929 1062 oratoriis
957 995 1109 1060 diverbiis
1131 1016 1228 1060 causa
1252 996 1397 1060 deterior

323 1131 389 1174 non
412 1109 537 1175 minore
559 1109 713 1176 facundia
736 1109 864 1175 dicatur
885 1130 982 1194 quam
1002 1109 1094 1193 justa
1115 1129 1222 1192 causa,
1246 1114 1280 1174 et
1295 1130 1395 1194 argu-

322 1222 462 1306 mentis,
486 1222 628 1309 pondere
652 1223 788 1288 minime
812 1221 999 1305 destitutis,
1024 1242 1119 1307 saepe
1131 1221 1181 1286 uti
1196 1220 1305 1286 videas
1319 1243 1397 1306 per-

323 1357 418 1400 sonas
453 1334 605 1402 scelestas
636 1342 673 1401 ut
705 1336 834 1421 culpam
869 1357 889 1400 a
918 1357 951 1400 se
980 1340 1147 1416 avertant,
1180 1356 1245 1400 non
1274 1335 1398 1420 injuria

317 1447 451 1513 videtur
485 1449 706 1514 succensuisse
733 1448 875 1514 comicus
907 1447 1077 1532 Euripidi,
1111 1447 1157 1513 sio
1186 1469 1243 1533 per
1264 1446 1396 1514 fabulas

323 1582 397 1626 suas
431 1560 560 1627 docenti
592 1561 752 1646 quomodo
782 1561 918 1646 pulchra
948 1561 1071 1645 species
1094 1561 1263 1646 praetendi
1286 1560 1394 1645 possit

263 1710 267 1717 ·
322 1671 417 1738 rebus
440 1673 554 1756 malis,
579 1674 607 1739 si
630 1674 704 1759 quis
728 1674 824 1740 modo
847 1673 966 1739 calleat
993 1680 1095 1739 artem
1110 1673 1257 1750 dicendi3
1274 1694 1395 1758 nempe

443 1789 614 1861 ἐκπαντὸς
637 1787 676 1851 ἄν
697 1816 744 1862 τις
766 1789 953 1872 πράγματος
975 1784 1094 1852 δισσῶν
1116 1786 1225 1872 λόγων

443 1897 552 1982 ἀγῶνα
575 1896 645 1964 θεῖτ’
668 1898 716 1973 ἄν,
739 1903 761 1964 εἰ
784 1897 953 1985 >lipsio-ein
975 1901 1095 1984 σοφός,

322 2013 360 2073 ut
383 2006 418 2072 in
442 2007 582 2092 quadam
603 2008 770 2094 Euripidis
793 2009 905 2075 fabula
926 2009 974 2074 ait
996 2011 1111 2075 chorus
1130 2011 1148 2074 ¹.
1224 2063 1226 2070 .

368 2119 529 2204 Exempla
552 2120 755 2206 eloquentiae
779 2130 847 2188 tam
869 2144 967 2207 prave
993 2122 1160 2188 adhibitae
1183 2122 1394 2208 suppeditant

323 2231 412 2298 verbi
443 2232 551 2318 gratia
583 2232 646 2298 loci
679 2233 735 2299 ubi
770 2234 940 2300 hominum
977 2234 1171 2300 sceleribus·
1188 2256 1225 2300 ac
1266 2235 1392 2320 probris

322 2349 509 2431 praetextus
540 2346 821 2432 patrociniumque
851 2347 974 2434 petitur
1005 2371 1045 2419 ex
1068 2349 1230 2415 veteribus
1253 2348 1391 2433 fabulis,

323 2458 362 2523 de
393 2457 457 2522 diis
487 2457 609 2523 similia
637 2458 857 2538 tradentibus;
888 2482 984 2546 quem
1008 2461 1147 2546 impium
1171 2462 1393 2548 mythologiae

322 2592 435 2654 usum,
460 2577 498 2636 ut
519 2570 616 2655 paulo
640 2576 716 2636 ante
737 2570 878 2637 vidimus
901 2595 975 2659 pag.
1003 2576 1043 2638 72
1058 2572 1093 2638 in
1108 2573 1207 2658 notis,
1226 2575 1393 2658 improbus

323 2685 379 2750 ille
413 2690 520 2750 orator
556 2686 590 2749 in
625 2684 855 2770 Aristophanis
892 2683 1042 2753 Nubibus
1075 2688 1289 2754 commendat.
1340 2688 1394 2754 Sic

325 2797 489 2864 Phaedrae
513 2818 656 2862 amorem
678 2796 838 2863 nefarium
860 2798 1007 2865 defendit
1030 2800 1141 2864 nutrix
1164 2800 1313 2886 exemplo
1333 2802 1394 2868 do-

324 2913 372 2977 vis
404 2912 569 2994 Semelen,
601 2911 745 2976 Aurorae
778 2909 959 2994 Cephalum
988 2913 1129 2978 amantis
1144 2915 1168 2996 ²,
1201 2919 1235 2979 et
1268 2913 1395 2980 Helena

324 3027 440 3091 marito
471 3024 661 3111 persuadere
689 3022 800 3088 studet
829 3043 864 3088 se
894 3044 959 3088 uon
988 3045 1047 3088 sua
1072 3024 1168 3109 culpa
1193 3025 1395 3092 commisisse

325 3140 521 3206 adulterium
543 3139 599 3204 sed
621 3137 757 3202 Veneris
786 3136 835 3219 vi,
859 3135 952 3221 cujus
985 3137 1114 3202 numini
1138 3139 1194 3224 qui
1217 3139 1395 3226 refragetur

325 3253 396 3339 ipso
422 3253 504 3318 Jove
528 3251 669 3318 sanctior
691 3271 761 3314 esse
786 3248 866 3331 uelit
882 3248 903 3313 ³.
951 3249 1041 3315 Talia
1064 3251 1098 3314 iu
1120 3253 1242 3318 comico
1266 3254 1394 3338 pulpito

325 3365 400 3430 ferri
431 3371 570 3450 possunt
602 3364 758 3446 fortasse,
792 3369 829 3427 ut
863 3363 898 3426 in
936 3362 993 3428 illo
1027 3363 1168 3429 Terentii
1199 3365 1269 3436 loeo
1293 3365 1391 3448 (Eun.

324 3477 397 3542 Act.
425 3477 491 3560 ΙΙΙ,
518 3497 559 3540 sc.
588 3478 642 3560 5):

371 3590 442 3654 “At
451 3611 547 3675 quem
559 3587 668 3670 (lemn,
681 3588 737 3672 qui
750 3589 873 3674 templa
883 3589 963 3654 ooeli
974 3609 1103 3654 summo
1114 3588 1225 3654 souitu
1234 3590 1391 3656 concutit:

371 3702 467 3788 “Ego
494 3700 667 3768 homuncio
690 3701 750 3768 hoc
773 3723 839 3766 non
861 3700 1032 3768 feceriml”

326 3817 382 3882 sed
414 3816 511 3900 plane
542 3817 701 3882 assentior
724 3818 938 3902 Aristophani
959 3819 1102 3903 graviter
1125 3819 1271 3903 culpanti
1296 3821 1393 3906 tragi-

327 3951 399 3994 cum
424 3928 479 4013 qui
504 3930 537 3992 in
560 3935 687 3994 austera
711 3951 806 3996 scena
830 3938 899 3994 tam
915 3929 1035 3996 vilibus
1047 3931 1252 4016 argumentis
1266 3938 1391 4010 utatur;

335 4073 545 4080 -.-—-.......-....

360 4136 366 4166 ¹
402 4138 431 4184 In
458 4137 596 4202 fragmento
622 4152 654 4188 ex
681 4140 788 4204 Antiope
807 4146 919 4200 servato,
943 4141 1043 4205 (Wagn.
1061 4140 1150 4204 fragm.
1166 4143 1227 4202 2133
1248 4143 1293 4191 189
1310 4142 1393 4204 Diod.)

326 4225 356 4273 cs.
374 4226 494 4274 Vslckeu.
512 4225 592 4276 Diatr.
609 4241 665 4289 pag.
683 4228 723 4277 82.

359 4313 370 4344 ²
403 4314 477 4378 Hipp.
496 4331 532 4364 vs.
551 4318 599 4366 tos
617 4332 667 4381 sqq.

346 4404 370 4438 ·³
403 4403 492 4455 Troad.
509 4419 545 4453 vs.
562 4407 611 4455 ola
627 4420 676 4469 sqq.
694 4412 719 4456 et
735 4421 771 4455 vs.
792 4407 855 4456 1042
873 4421 909 4469 sq.
