3154 5198
618 945 792 1022 CAPUT
825 945 880 1020 ΙΙ.

575 1117 748 1162 speremus
786 1085 932 1182 ἄθεος,

665 1286 832 1300 ΨΜ

354 1405 368 1486 t
398 1408 423 1468 l.
477 1405 563 1485 Quid
583 1405 812 1490 Aristophanes
834 1405 892 1469 iac
914 1405 952 1468 de
971 1427 1006 1468 re
1028 1405 1153 1472 dixerit

266 1701 376 1766 Primo
413 1702 483 1766 loco
523 1701 557 1764 in
596 1713 730 1766 censum
767 1700 858 1765 venit
892 1699 1071 1785 impietatis
1113 1701 1291 1784 accusati0,

221 1814 368 1879 omniurn
394 1815 596 1900 gravissima.

267 1927 340 1992 Non
373 1928 527 2012 exiguum
558 1925 702 2012 profecto
735 1926 856 1990 crimen
888 1930 976 2009 erat,
1005 1927 1033 1992 si
1057 1926 1129 2012 quis
1152 1925 1293 1992 Athenis

222 2041 294 2106 istis
318 2040 518 2126 temporibus
543 2039 693 2127 ἀσεβείας
709 2039 961 2105 insimularetur.
989 2038 1145 2104 Damnati
1160 2041 1292 2105 Anaxa-

129 2211 131 2217 .
221 2175 334 2239 goras,
364 2153 540 2239 Diagoras,
564 2153 640 2236 alii,
665 2152 772 2218 solum
796 2153 951 2219 vertendo
973 2154 1029 2242 vix
1052 2160 1190 2218 mortem
1213 2152 1294 2220 effu-

221 2273 352 2353 gerant3
380 2267 523 2333 Socratis
540 2249 737 2353 supplicium
753 2289 830 2332 mox
845 2267 1057 2352 probaturum
1073 2272 1151 2350 erat,
1165 2266 1294 2332 laudem

222 2379 370 2464 pietatis,
403 2401 467 2465 qua
498 2380 716 2446 Athenienses
739 2380 975 2465 gloriabantur,
1000 2381 1040 2446 ab
1065 2381 1106 2446 iis
1131 2388 1294 2446 servatum

224 2492 265 2558 iri
289 2493 402 2579 quovis
425 2494 540 2578 modo,
565 2494 617 2559 vel
640 2515 697 2580 per
720 2493 864 2561 tribunal
879 2501 912 2559 et
927 2494 1069 2560 cicutam
1083 2496 1104 2560 ¹.
1132 2494 1297 2558 “Tantum

224 2606 339 2693 religio
361 2608 471 2693 potuit
494 2608 628 2674 suadere
651 2607 881 2672 rnaloruml'’²
944 2634 945 2638 ¹

272 2721 384 2801 Qualis
416 2743 490 2786 vero
523 2727 592 2786 erat
622 2720 681 2785 illa
703 2721 825 2806 pietas,
849 2743 946 2806 quam
971 2720 1189 2786 Athenienses
1213 2720 1297 2784 tanti

226 2836 387 2901 faciebant
417 2840 456 2899 ut
478 2835 563 2899 inter
585 2833 775 2917 blanditias,
801 2833 919 2919 quibus
942 2839 1057 2919 poetae
1080 2839 1297 2918 spectatorum

226 2949 351 3014 animos
385 2947 525 3013 delenire
557 2948 746 3030 studerent,
777 2946 1032 3013 usitatissimum
1060 2953 1146 3013 esset
1167 2946 1298 3012 laudare

226 3059 385 3148 εὐσέβειαν
407 3060 538 3126 Atticae
561 3059 704 3125 civitatis
718 3061 754 3124 ³?
782 3059 968 3125 Fatendum
992 3066 1057 3142 est,
1074 3059 1103 3125 si
1118 3059 1297 3125 accuratius

225 3175 387 3261 inquiras,
420 3173 476 3238 vix
499 3173 673 3258 quicquam
695 3179 822 3258 praeter
845 3193 972 3238 cassam
996 3194 1113 3238 nucem
1136 3173 1296 3239 inveniri:

225 3293 354 3353 vetusta
377 3286 554 3370 solemnia,
578 3286 794 3372 praescriptos
817 3285 918 3370 ritus,
944 3285 1088 3350 carmina
1111 3285 1210 3352 sacris
1227 3307 1297 3352 ver-

225 3400 276 3466 bis
299 3407 472 3486 concepta,
497 3399 689 3486 fabulasque
711 3400 901 3486 permultas.
941 3398 1029 3464 Hinc
1053 3400 1104 3464 vel
1128 3398 1299 3465 minimam

191 3533 210 3538 ·’
227 3515 393 3580 detrahere
411 3515 617 3600 particulam,
631 3514 736 3580 scelus
746 3514 939 3581 censebatur
948 3539 956 3590 3
971 3514 1027 3578 sed
1045 3513 1299 3598 quotusquisque

261 3676 267 3706 ¹
286 3677 371 3727 Renes
389 3677 427 3726 les
444 3677 566 3739 Apbtrss,
583 3691 639 3740 pag.
656 3678 717 3726 ³14:
743 3676 782 3726 “Il
798 3690 830 3725 us
846 3675 899 3724 faut
915 3689 958 3738 pes
968 3674 1096 3732 l'oublier,
1107 3671 1221 3724 Athenas
1233 3675 1300 3722 erait

228 3766 285 3814 “bel
302 3777 327 3814 et
343 3765 399 3814 bien
415 3759 585 3829 ri'nquisition.
602 3767 650 3814 Les
666 3765 754 3822 diens,
770 3766 812 3828 qu'
828 3765 998 3828 Aristophane
1014 3764 1125 3814 bafousit
1136 3778 1179 3812 sur
1189 3763 1300 3824 isseene,

227 3854 337 3903 “tusient
363 3852 525 3917 quelquefois.
560 3855 595 3902 Ils
620 3853 718 3904 subrent
744 3855 860 3910 Socrate,
887 3854 917 3902 ils
944 3853 1063 3904 fsillirent
1090 3863 1145 3902 tuor
1161 3853 1300 3905 Alcibiade.

227 3945 422 4006 “Anaxagoras
438 3943 602 4005 Protagoras,
621 3943 750 3993 rheouore
766 3941 883 4001 l'Athes,
899 3943 1024 4007 Diagoras
1038 3942 1302 4001 deMelos,Prodieus

228 4036 275 4082 “de
298 4032 372 4091 ceos,
399 4031 507 4094 Stilpon,
533 4033 657 4090 Aristote,
674 4031 857 4094 Theophrasto,
876 4033 994 4095 Euripide
1011 4033 1093 4082 iurent
1110 4032 1207 4096 plusou
1222 4034 1302 4082 moins

228 4123 424 4171 “serienssment
440 4120 583 4183 inquietes'·

261 4210 271 4242 ⁸
287 4212 387 4261 Lucret.
404 4210 431 4268 1,
447 4211 501 4260 102.

261 4304 272 4334 ³
290 4301 326 4354 Ut
350 4302 381 4350 de
397 4301 452 4350 aliis
472 4307 566 4350 tscssm
586 4300 678 4363 poetis,
695 4313 744 4349 non
760 4315 776 4348 a
794 4314 821 4349 re
837 4299 935 4348 videtur
951 4299 991 4349 bie
1007 4299 1162 4359 meminisse,
1180 4314 1211 4348 ex
1229 4300 1301 4348 Euri·

229 4393 293 4457 pidis
316 4391 419 4442 servatis
444 4390 533 4440 fabulis
558 4392 620 4439 dnss
643 4390 668 4436 iu
692 4388 791 4438 laudem
811 4389 911 4440 Atticae
934 4389 1062 4451 εὐσεβείας
1079 4404 1132 4438 esse
1148 4389 1302 4452 compositas,

231 4481 359 4546 Supplices
369 4488 395 4530 et
403 4480 562 4530 Heraclides:
575 4479 666 4530 'l'hesei
674 4479 698 4527 in
708 4479 763 4538 illa,
775 4480 800 4528 in
810 4479 855 4529 hac
865 4479 1062 4542 Demophoontis
1073 4480 1153 4543 pietus
1161 4479 1303 4528 celebratur.
