3154 5198
750 408 790 469 59

232 590 335 656 veluti
358 589 550 655 eruditionis
580 590 742 675 specimen
775 588 897 675 profert
921 588 1177 674 disputationem
1200 588 1306 674 philo-

233 702 398 788 sophicam
422 703 462 768 de
485 703 590 768 causis
614 703 744 788 pluviae
767 709 800 768 et
822 703 975 784 tonitrus,
990 701 1188 767 illustratam
1200 722 1308 766 exem-

233 816 297 902 plia
323 839 341 882 e
364 816 432 882 vita
455 816 646 903 quotidiana
668 815 780 901 petitis
805 817 867 901 (vs.
895 817 1097 900 aaa-411).

281 928 410 994 Satisne
444 929 617 996 manifeste
655 928 705 994 his
740 928 820 994 locis
854 929 994 995 comicus
1033 929 1176 994 declarat
1212 947 1309 1012 quam

233 1041 370 1106 ridicula
400 1045 434 1106 et
463 1063 547 1107 vana
576 1042 605 1107 ei
630 1041 779 1107 videatur
802 1041 860 1105 illa
883 1040 1103 1125 sophistarum
1127 1039 1310 1126 sapientia?
1418 1111 1420 1118 Ι

233 1154 309 1220 Non
332 1161 412 1240 puto
435 1176 516 1241 opus
535 1177 612 1222 esse
635 1161 672 1220 ut
696 1177 736 1220 ex
759 1153 828 1239 ejus
853 1154 958 1220 verbis
975 1155 1194 1219 demonstrem
1211 1175 1308 1239 quam

233 1267 365 1352 penitus
400 1268 629 1352 contemserit,
663 1267 723 1333 hae
755 1287 882 1353 quoque
911 1267 946 1330 in
970 1273 1079 1352 parte,
1104 1287 1184 1352 quos
1208 1287 1310 1331 novae

235 1381 400 1446 doetrinae
426 1380 595 1445 thesauros
620 1401 653 1444 se
678 1379 849 1445 reclusisse
871 1379 1124 1446 Atheniensium
1143 1378 1310 1462 juventuti

233 1492 374 1578 gloriose
392 1492 564 1579 jactabant
587 1493 738 1578 magistri
769 1492 820 1557 illi
851 1493 942 1578 queis
972 1492 1056 1557 nihil
1086 1493 1308 1577 incognitum,

235 1606 275 1671 de
308 1605 424 1691 quibus
460 1606 538 1691 qnid
572 1605 710 1671 senserit
743 1605 794 1670 his
828 1605 991 1671 Plautinis
1024 1604 1170 1669 versibus
1202 1603 1309 1689 expri-

235 1741 322 1784 mere
340 1719 437 1804 juvat
455 1721 481 1782 ¹:

326 1881 445 1948 Omnia
468 1901 502 1945 se
526 1879 684 1947 simulant
708 1877 791 1944 scire
813 1900 916 1963 neque
940 1880 1113 1965 quicquam
1137 1880 1253 1945 sciunt.

328 1993 420 2074 Quod
445 1992 581 2080 quisque
604 1992 637 2056 in
662 1993 771 2057 animo
795 1993 893 2059 habet
917 2002 975 2058 aut
994 1993 1181 2060 habiturust
1193 1995 1309 2061 sciunt.

327 2220 415 2300 Quae
439 2240 542 2304 neque
565 2218 697 2283 fuerunt
720 2239 824 2303 neque
848 2224 925 2284 sunt
949 2207 1058 2284 tamen
1083 2220 1133 2284 illi
1156 2220 1273 2286 sciunt.

284 2398 323 2460 ln
347 2396 535 2462 universum
559 2401 669 2461 autern
692 2395 929 2480 Aristophanes
953 2417 1068 2481 parum
1092 2375 1213 2482 aequus
1229 2397 1311 2462 mihi

238 2508 365 2574 videtur
397 2509 437 2574 de
470 2508 520 2574 his
545 2509 639 2574 rebus
658 2507 761 2593 judex
784 2507 903 2591 fuisse,
929 2508 985 2574 sed
1010 2508 1066 2573 ubi
1090 2509 1130 2575 de
1154 2510 1311 2597 Euripide

238 2622 346 2707 agitur
369 2621 466 2706 plane
490 2621 520 2686 ei
544 2621 812 2706 adstipulandum
837 2643 968 2704 censeo,
986 2622 1128 2708 graviter
1145 2623 1227 2688 illud
1237 2625 1311 2710 phi-

239 2734 404 2819 losophiae
429 2734 575 2800 studium
598 2734 813 2820 vituperanti:
830 2735 929 2821 hujus
941 2735 1029 2800 enim
1042 2736 1224 2821 tragoedias
1237 2736 1312 2802 inde

238 2849 313 2934 plns
338 2849 450 2914 damni
474 2870 571 2934 quam
596 2848 677 2914 lucri
699 2849 850 2916 retulisse
874 2851 1020 2915 arbitror.
1056 2850 1169 2915 Musae
1193 2872 1312 2936 cogna-

240 2969 292 3027 tae
323 2968 401 3028 sunt
432 2962 635 3048 Sapientiae,
670 2972 703 3028 et
734 2963 870 3048 proinde
895 2968 1010 3049 poetae
1033 2963 1191 3029 conducet
1214 2965 1312 3031 simul

240 3097 310 3141 esse
341 3074 474 3160 sophiae
508 3075 643 3157 cultori,
676 3076 732 3142 sed
762 3098 827 3142 non
852 3097 889 3141 eo
913 3098 1028 3160 sensu,
1054 3083 1092 3141 ut
1115 3079 1311 3148 carminibus

239 3211 337 3275 quem
371 3190 475 3275 possit
507 3189 712 3274 saepissime,
737 3190 840 3256 veluti
862 3191 1031 3276 sapphiros
1055 3196 1088 3255 et
1112 3194 1311 3279 smaragdos,

241 3303 418 3369 admisceat
444 3303 532 3369 dicta
555 3304 787 3390 philosophica
837 3304 1125 3372 Verumenimvero
1150 3308 1178 3372 si
1201 3308 1313 3374 afflatu
1355 3298 1358 3304 ¹

240 3415 366 3500 poetico
391 3437 517 3501 semper
538 3416 625 3482 inter
648 3417 854 3483 scribendum
870 3417 1022 3484 caluisset
1039 3418 1230 3505 Euripides,
1247 3444 1313 3486 non

242 3537 291 3597 tot
324 3531 496 3605 sententiis
526 3531 729 3597 abundarent
760 3531 829 3617 ejus
857 3552 961 3618 opera
1013 3532 1085 3612 Qui*
1099 3542 1186 3601 certo
1208 3535 1313 3621 gradu

241 3644 386 3730 procedit
409 3645 450 3709 od
474 3667 606 3729 scopum
632 3667 727 3730 quem
751 3646 954 3731 propositum
971 3645 1031 3711 sibi
1051 3646 1138 3713 videt
1162 3654 1195 3713 et
1217 3670 1313 3733 quem

242 3758 403 3842 attingere
435 3757 543 3844 cupit,
574 3779 638 3822 uon
671 3757 766 3824 facile
799 3758 838 3823 de
871 3758 924 3823 via
954 3757 1132 3836 aberrabit3
1165 3759 1216 3823 sin
1240 3761 1312 3846 quis

242 3870 431 3936 ambulandi
454 3871 563 3957 potius
587 3893 684 3938 causa
705 3894 852 3958 egressus
876 3878 943 3954 cst,
968 3893 1031 3956 quo
1050 3873 1163 3936 tendat
1179 3873 1233 3937 vix
1250 3874 1313 3939 sibi

240 3983 408 4066 conscius,
432 3984 611 4050 identidem
635 3984 674 4050 de
698 3986 814 4050 semite
830 3984 954 4049 videbis
970 3983 1137 4049 deflectere
1153 3986 1313 4052 utflorem

244 4104 369 4182 carpat,
399 4097 449 4163 vel
474 4097 551 4163 dum
575 4104 649 4164 aera
671 4105 704 4164 et
727 4099 830 4163 nubes
854 4095 1093 4181 contemplatur
1116 4098 1311 4186 subsistere,

244 4213 365 4277 interea
389 4212 460 4277 viae
483 4234 564 4297 quae
588 4212 728 4278 tenenda
752 4218 820 4277 erat
842 4233 945 4298 paene
969 4211 1118 4276 oblitum.
1153 4212 1205 4279 Sic
1223 4216 1314 4280 nulla

146 4351 151 4360 ·
245 4348 381 4410 persona
417 4326 593 4412 Euripidea
626 4327 660 4391 in
693 4349 727 4392 re
763 4334 829 4392 tam
865 4325 957 4412 gravi
992 4326 1043 4391 vel
1079 4334 1146 4392 tam
1172 4328 1313 4413 ancipite

143 4534 147 4542 Ι
278 4477 284 4511 ¹
320 4478 434 4527 Plautino
450 4457 506 4528 loco
519 4480 549 4527 dc
567 4479 656 4526 scurris
673 4493 753 4528 sermo
770 4485 814 4527 est.
848 4477 987 4528 Trinumm.
1006 4493 1040 4525 vs.
1057 4478 1107 4526 205
1123 4491 1174 4541 sqq.
