3180 5196
700 381 762 442 103

183 563 353 650 “spongia
375 564 497 630 mederi
519 564 661 650 possit'':
687 563 772 630 idern
800 565 839 630 de
865 563 1016 630 omnibus
1042 564 1108 630 illis
1136 572 1266 632 senten-

180 681 246 746 tiis
279 679 513 766 philosophicis
544 680 649 764 valet,
683 663 770 744 idem
794 701 888 764 porro
913 679 1093 745 remedium
1115 681 1268 748 adhibere

180 815 301 877 posses
325 798 376 860 tot
398 792 552 879 episodiis
576 793 617 858 ad
629 792 796 858 cardinem
807 813 912 858 rerum
928 814 993 858 non
1010 793 1267 878 pertinentibus,

180 905 361 991 permultis
386 907 485 973 etiam
508 907 597 973 chori
620 907 773 985 canticis3
800 929 866 972 non
894 927 1013 992 paucos
1037 905 1176 992 denique
1202 929 1268 974 ser-

182 1042 303 1086 mones
326 1021 444 1088 crebris
468 1021 577 1088 lituris
589 1021 624 1086 in
642 1021 755 1087 breves
770 1021 930 1106 epitomas
941 1020 1128 1086 contrahere
1138 1042 1267 1107 posses:¹

182 1140 290 1219 quota
312 1134 359 1200 sic
375 1135 508 1201 tandem
522 1141 704 1230 superesset
717 1157 792 1220 pars
805 1135 989 1200 dramatum
1002 1133 1267 1219 Euripideornm!

183 1247 364 1313 Restarent
400 1269 473 1314 ossa
508 1248 616 1330 nuda,
654 1249 724 1313 sine
761 1248 830 1313 ullo
869 1249 998 1329 decore,
1032 1246 1142 1313 ablata
1174 1269 1268 1314 cerne
1323 1329 1327 1338 ι

181 1358 357 1446 nitidaque
379 1366 461 1427 ente.

641 1520 831 1532 ΜΛΛΛΛΛΛΛΛι·

233 1700 427 1766 Aristotales
453 1699 559 1784 (Poet.
588 1723 656 1786 cap.
686 1703 742 1787 18)
767 1702 806 1766 de
830 1700 988 1785 Euripide
1012 1722 1077 1765 non
1100 1701 1171 1768 sine
1187 1724 1267 1786 qua·

184 1812 266 1878 dam
298 1814 545 1898 reprehensione
578 1813 743 1900 loquitur,
778 1813 835 1879 ubi
858 1812 928 1898 agit
953 1813 993 1878 de
1014 1813 1162 1898 partibus
1186 1836 1268 1900 quac

183 1925 285 1992 choro
320 1927 389 1992 sint
420 1926 612 1992 tribuendae
644 1927 679 1991 in
713 1926 795 1992 bene
829 1938 955 1992 morata
978 1926 1153 2012 tragoedia.
1203 1930 1267 1992 Τὸν

184 2043 308 2128 χορόν,
331 2039 439 2124 inquit
449 2087 458 2122 ,
484 2043 536 2106 ἕνα
557 2037 601 2105 δεῖ
622 2037 801 2124 ὑπολαβεῖν
809 2044 874 2104 τῶν
890 2041 1083 2124 ὑποκριτῶν,
1096 2043 1143 2104 καὶ
1154 2042 1267 2126 μόριον

183 2153 265 2218 εἶναι
295 2160 352 2218 τοῦ
384 2151 480 2225 ὅλου,
513 2157 561 2218 καὶ
595 2151 882 2238 συναγωνίζεσθαι,
913 2155 954 2235 μὴ
986 2154 1090 2239 ὥσπερ
1114 2149 1267 2240 Εὐριπίδῃ

185 2262 263 2329 ἀλλ’
285 2267 390 2351 ὥσπερ
412 2264 577 2348 Σοφοκλεῖ.
603 2263 687 2330 Oum
710 2263 771 2328 hoc
786 2263 911 2348 judicio
927 2262 1091 2328 consentit
1109 2262 1265 2330 Horatius

184 2377 222 2442 in
256 2378 348 2444 Artis
380 2373 529 2444 Poeticae
552 2377 733 2464 praeceptis
751 2378 781 2455 ¹3
806 2375 981 2444 manifesto
1003 2381 1113 2442 autem
1138 2377 1210 2461 ipsa
1230 2377 1266 2441 id

185 2491 304 2558 suadet
326 2492 416 2556 ratio.
445 2491 577 2558 Scilicet
598 2491 708 2556 unitas
732 2491 800 2573 illa,
825 2513 923 2576 quam
947 2491 1174 2576 inposterum
1198 2497 1264 2556 tra-

184 2604 331 2690 gicorum
368 2625 433 2669 non
458 2605 566 2669 minus
590 2625 687 2689 quam
713 2603 748 2666 in
773 2603 910 2668 aliorum
932 2603 1093 2670 artificum
1115 2605 1265 2688 operibns

184 2719 307 2805 requiri
330 2718 490 2802 vidimus,
516 2719 550 2782 in
572 2717 661 2784 haud
683 2717 754 2782 leve
776 2724 910 2782 vocatur
932 2717 1124 2800 discrimen,
1148 2719 1177 2783 si
1202 2741 1266 2804 qua

184 2853 262 2917 pars
302 2817 442 2896 dramati
477 2829 671 2915 interjicitur
713 2853 794 2915 quae
836 2851 910 2896 cum
951 2830 1084 2896 caeteris
1117 2830 1264 2916 partibus

183 2967 302 3030 parum
326 2943 449 3010 nihilve
462 2943 589 3009 -habeat
611 2964 792 3009 commune.
842 2943 932 3024 Quae
955 2943 1032 3029 (lap.
1059 2945 1115 3008 III
1140 2944 1154 3024 t
1181 2948 1201 3010 2
1225 2944 1265 3009 de

184 3059 260 3143 lege
294 3056 430 3122 unitatis
463 3054 616 3140 exposui,
653 3056 687 3120 in
711 3055 857 3120 animum
881 3061 959 3120 sunt
981 3057 1176 3140 revocanda,
1201 3079 1264 3143 qno

184 3169 305 3236 melius
339 3168 562 3254 intelligamus
597 3168 713 3254 quanti
740 3168 857 3234 referat
880 3174 918 3233 ut
942 3170 1057 3236 chorus
1080 3170 1165 3236 nihil
1187 3180 1265 3256 agat

184 3285 240 3351 val
273 3283 360 3363 dieat
392 3283 478 3368 quod
511 3281 668 3348 afabula
691 3281 735 3346 sit
758 3282 910 3349 alienum.
935 3279 1114 3348 Chororum
1138 3287 1264 3352 cantica

185 3398 264 3463 inde
287 3400 328 3465 ab
355 3399 436 3488 ipsis
457 3399 641 3486 tragoediae
663 3398 871 3464 incunabulis
897 3400 1109 3466 versabantur
1134 3401 1168 3466 in
1192 3402 1263 3468 lau-

184 3512 285 3578 dibus
319 3513 471 3597 deorum,
508 3513 658 3596 heroum,
693 3513 834 3597 patriae3
861 3512 937 3578 hinc
961 3535 1035 3598 ergo
1059 3513 1264 3601 quidcunque

186 3625 393 3712 singularum
417 3627 600 3693 fabularum
624 3626 826 3712 argumentis
844 3627 1031 3693 conveniret
1052 3627 1264 3696 delibandum

186 3744 260 3803 erat
299 3739 404 3823 poetis
436 3739 586 3824 tragicis,
618 3738 674 3824 qui
710 3739 771 3804 hoc
803 3738 951 3804 meliores
988 3762 1021 3805 se
1055 3743 1264 3826 praestabant
1312 3824 1314 3832 .

186 3851 347 3934 artifices,
383 3872 445 3936 quo
478 3850 598 3934 majore
633 3851 826 3915 dexteritate
859 3851 1100 3935 prospiciebant
1134 3860 1172 3919 ut
1200 3855 1264 3920 ista

187 3965 338 4029 encomia
360 3969 435 4049 apte
458 3985 532 4030 enm
555 3964 687 4049 reliquis
711 3963 866 4029 dramatis
889 3964 1034 4049 partibus
1051 3967 1264 4052 congruerent

188 4077 393 4162 eundemque
415 4080 563 4162 gererent
587 4076 735 4142 colorem.
764 4076 863 4142 Porro
886 4076 1066 4142 notandum
1087 4085 1154 4162 est,
1175 4080 1264 4145 chori

226 4251 233 4282 ¹
252 4252 298 4302 Vs.
310 4252 356 4301 193
368 4266 431 4315 sqq:
450 4250 551 4300 Actoris
568 4257 647 4312 partas
667 4250 757 4298 chorus
774 4249 930 4313 officiumque
946 4251 1019 4301 virile

451 4338 577 4395 defendam
594 4339 717 4402 neuquid
734 4339 828 4388 medios
844 4339 974 4388 intercinat
991 4351 1059 4389 actus

451 4427 515 4492 qnod
532 4407 581 4476 non
598 4428 722 4491 proposito
739 4429 859 4477 condneat
877 4435 901 4478 et
918 4429 1020 4478 haerent
1035 4435 1097 4492 apte.
