3150 5194
730 369 771 432 93

214 580 285 624 mus
325 555 553 641 Dicaeopolin,
586 553 734 639 equidem
769 573 834 617 non
867 551 973 618 ausim
1009 552 1185 631 affirmare3
1226 551 1283 618 sed

213 681 250 738 ut
285 670 468 736 dramatum
502 667 741 752 deperditorum
776 667 888 732 heroas
924 667 1115 750 mittamus,
1146 688 1282 752 quomm

213 919 369 984 imperfecta,
385 920 418 968 da
433 917 496 966 mihi
512 917 601 975 etiam,
618 931 666 980 quo
682 924 757 979 ceput
773 917 905 976 instruam,
922 917 1033 982 Mysiam
1055 917 1183 982 pileolum.
1216 919 1283 969 Nam

213 1010 302 1060 “hodie
317 1015 415 1072 oportet
431 1021 472 1056 me
490 1006 595 1056 mendici
612 1006 720 1069 speciem
737 1019 837 1070 gerere;
854 1021 907 1056 esse
924 1007 1025 1071 quidem
1041 1007 1085 1072 qui
1101 1022 1168 1067 sum,
1180 1009 1223 1057 sed
1233 1022 1283 1056 non

213 1098 317 1158 videri'’;
342 1104 490 1160 spectatores
514 1095 613 1159 quidem
636 1094 699 1144 seire
723 1097 766 1159 qui
788 1095 848 1153 sim,
864 1097 906 1144 sed
921 1096 1050 1148 chorentas
1066 1096 1169 1146 stolidos
1186 1097 1283 1146 adstare

212 1194 237 1236 et
252 1203 267 1236 a
282 1201 323 1236 me
338 1185 430 1236 deludi.

217 1330 219 1334 ,
245 1278 308 1326 Eser.
335 1275 408 1326 Dabo
425 1275 484 1330 tibi,
501 1273 697 1338 quandoquidem
714 1281 814 1322 versuta
832 1282 917 1324 mente
933 1274 1034 1324 subtilia
1048 1273 1205 1324 machinaris.

244 1370 302 1419 Dio.
335 1369 395 1418 Non
410 1367 533 1416 minorem
550 1365 596 1414 tibi
613 1372 672 1428 opto
688 1364 830 1414 felicitatem
852 1379 926 1429 quarn
943 1363 1032 1428 obtigit
1048 1363 1168 1426 Telepho.
1200 1363 1281 1426 Euge,

210 1457 260 1520 jam
277 1458 387 1507 redundo
404 1455 499 1504 voculis
515 1454 590 1518 aptis.
622 1453 672 1505 Sed
688 1467 750 1518 egeo
766 1453 845 1504 baculi
860 1453 958 1519 qualem
974 1462 1061 1504 teuent
1076 1453 1253 1504 mendicantes.

243 1547 307 1596 dits.
335 1547 376 1596 En
392 1545 476 1608 accipe
491 1551 518 1594 et
533 1542 604 1592 aulen
620 1551 646 1592 te
662 1558 678 1591 a
693 1543 797 1607 lapideis
814 1544 934 1608 postibus.

243 1637 301 1684 Dio.
335 1633 484 1693 Oanime*,
501 1632 584 1682 viden·
602 1639 631 1681 ut
648 1633 751 1682 aedibus
768 1633 900 1692 extrudar,
915 1633 1010 1684 multae
1025 1633 1105 1682 adhuc
1121 1630 1280 1694 supellectilis

210 1726 313 1787 expers?
345 1724 419 1773 Nune
442 1736 504 1786 opus
530 1723 577 1771 erit
600 1722 737 1785 pertinacia
752 1729 789 1772 et
810 1723 973 1787 impudentia.
1007 1721 1152 1784 Euripides,
1169 1723 1200 1770 da
1219 1717 1280 1769 milri

210 1814 343 1878 sportulam
358 1819 485 1876 perustam
502 1811 601 1862 flamme
617 1811 743 1862 lucernae.

243 1903 307 1952 lior.
334 1902 397 1963 Quis
413 1915 485 1960 vero,
500 1901 624 1964 improbe,
642 1902 768 1964 sportulae
784 1901 829 1952 tibi
845 1916 902 1950 usus
919 1901 983 1951 erit?

243 1993 300 2042 Do.
332 1991 436 2051 Nullus,
453 1993 496 2040 sed
513 1999 597 2040 tamen
612 1991 703 2040 habere
720 1991 785 2042 volo.

242 2081 307 2131 llum
334 2079 470 2130 Molestum
486 2093 541 2130 esse
556 2086 582 2129 te
600 2080 669 2129 scito.
702 2080 763 2130 Abi.

242 2171 300 2222 Dte.
334 2169 403 2232 Phy!
420 2168 480 2218 Sors
495 2175 538 2218 tua
552 2175 605 2218 tarn
620 2169 692 2218 beata
707 2168 739 2218 sit
754 2183 830 2232 quam
846 2169 906 2218 olim
923 2169 1010 2218 matris
1026 2177 1094 2222 tuas.

242 2260 305 2310 Ber.
333 2258 407 2308 Nunc
421 2259 520 2322 proripe
535 2265 569 2308 te.

241 2351 300 2399 Dio.
334 2349 383 2400 Sed
399 2343 462 2398 adde
478 2347 504 2397 id
519 2363 610 2398 unum:
627 2348 744 2412 pocillum
762 2362 806 2398 ora
822 2347 934 2398 defracta.

187 2460 188 2463 ¹
242 2441 306 2490 lhos.
334 2439 385 2488 Abi
400 2438 427 2487 in
442 2437 534 2486 malem
549 2451 603 2486 rem
619 2451 675 2486 cum
692 2437 794 2500 pocillo;
811 2438 911 2502 negotia
922 2437 985 2488 mihi
993 2437 1091 2488 facessis
1101 2439 1277 2488 indomomea.

242 2529 300 2580 Dio.
333 2529 372 2579 At
387 2528 466 2578 nescis
481 2541 526 2590 per
538 2527 556 2578 J
558 2541 630 2577 ovem
645 2534 766 2590 quantum
781 2527 834 2591 ipse
850 2527 910 2577 mali
928 2527 1010 2578 facias.
1027 2554 1059 2566 -
1071 2528 1196 2580 Omellite
1203 2528 1278 2578 Euri·

210 2618 283 2681 pides,
299 2616 346 2670 hoe
362 2633 440 2667 anum
456 2617 535 2667 adhuc
551 2617 583 2666 da
599 2617 670 2677 mihi,
684 2617 785 2668 ollulam
803 2618 909 2682 spongia
924 2618 1069 2670 obturatam.

244 2707 306 2756 mo.
333 2707 390 2757 Vae
405 2705 477 2765 milri,
492 2707 614 2770 integram
630 2706 785 2771 tragoediam
801 2707 863 2755 mihi
879 2707 961 2758 tolles!
979 2707 1056 2759 Sume
1073 2708 1172 2760 ollulam
1189 2714 1215 2758 et
1230 2707 1277 2757 abi.

242 2798 300 2846 Dte.
333 2797 394 2848 Jam
418 2797 488 2846 abeo.
520 2797 675 2862 Quemquam
695 2797 754 2862 quid
772 2802 860 2862 agam?
876 2813 935 2848 nam
951 2799 1043 2864 aliquid
1057 2800 1199 2850 etiamnunc
1215 2799 1277 2850 desi·

210 2887 279 2946 dero,
303 2887 368 2950 quod
392 2885 440 2935 uisi
463 2901 598 2953 consequar
618 2888 693 2952 perii3
714 2887 838 2947 ausculta,
860 2902 875 2936 ο
891 2889 986 2939 mellite
1001 2890 1145 2954 Euripidem
1162 2890 1208 2939 hoc
1223 2897 1277 2940 tan·

210 2978 333 3026 tummedo
357 2977 378 3025 si
398 2976 579 3040 impetravero,
596 2977 668 3027 abibo
683 2991 733 3028 nou
753 2979 889 3028 rediturus:
907 2977 934 3027 in
951 2978 1084 3042 sportulam
1101 2993 1191 3042 quaeso
1207 2979 1277 3028 indas

210 3067 320 3116 nonnihil
335 3067 410 3117 oleris
425 3067 526 3117 flaccidi.
875 3047 880 3064 ¹

241 3157 304 3206 Eser.
327 3157 426 3207 Perdes
437 3171 485 3206 me.
518 3157 558 3206 En
577 3157 634 3207 tibi:
651 3157 706 3207 vale
722 3158 861 3222 tragoedia!

241 3246 299 3295 Dio.
332 3247 403 3316 Nihil
418 3247 537 3312 amplius,
553 3247 627 3306 abeo,
643 3263 702 3298 nam
718 3263 808 3298 revera
824 3263 878 3297 sum
897 3247 972 3297 nimis
988 3246 1117 3307 molestus,
1135 3252 1196 3296 “nee
1216 3247 1276 3296 satis

209 3335 281 3384 timeo
305 3335 427 3385 offendere
454 3333 600 3400 principes.''
630 3363 662 3372 -
683 3338 721 3386 At
737 3337 801 3387 eheu
817 3343 899 3386 actum
915 3344 953 3386 est
968 3338 999 3386 de
1015 3351 1069 3398 me,
1084 3337 1180 3386 namid
1195 3352 1210 3384 a
1226 3351 1275 3401 quo

207 3423 288 3473 omnia
308 3427 416 3487 pendent
432 3425 514 3476 omisi.
547 3425 570 3476 Ο
586 3425 777 3475 mellitissimum
796 3427 923 3476 corculum
943 3426 1087 3490 Euripides,
1108 3427 1213 3490 pessime
1229 3427 1275 3475 dis-

208 3525 305 3574 peream
330 3513 351 3562 si
375 3513 436 3577 quid
460 3528 516 3563 sum
539 3515 639 3577 insuper
663 3514 796 3577 petiturus,
813 3521 913 3578 praeter
933 3515 959 3564 id
973 3529 1062 3573 mum,
1079 3515 1104 3564 id
1120 3515 1219 3564 unicum
1237 3513 1293 3564 so?

207 3601 317 3666 lumque:
335 3605 367 3652 da
382 3601 444 3651 milri
459 3602 556 3652 caulem
572 3617 587 3652 e
603 3602 690 3652 matris
706 3608 763 3652 tuae
779 3602 940 3652 haereditate.

239 3691 301 3743 Eur.
331 3691 438 3742 Insultat
453 3691 514 3740 mihi
530 3691 617 3740 homo:
634 3691 734 3740 occlude
749 3691 835 3740 valvas
851 3691 957 3742 aedium.

240 3781 297 3833 Die.
330 3780 353 3833 0
370 3782 465 3842 anime,
481 3781 534 3830 sine
550 3783 621 3831 caule
637 3781 776 3832 abeundum
792 3789 837 3831 est.

694 3923 788 3934 ...—

238 4025 377 4089 Wagnerus
393 4027 420 4076 in
436 4025 633 4090 fragmentorum
649 4029 840 4093 Euripideorum
857 4028 963 4078 editione
979 4043 1012 4078 ex
1029 4028 1075 4078 hoc
1092 4029 1147 4079 loco
1166 4029 1274 4098 collegit,

206 4115 343 4178 Telephum
368 4117 532 4180 Euripideum
554 4132 642 4169 revera
662 4119 769 4184 gessisse
785 4119 911 4196 corbulam
927 4120 1083 4179 semiustam,
1100 4117 1209 4184 phialam
1225 4133 1273 4170 non

205 4205 341 4271 integram,
364 4206 439 4256 ollam
460 4209 563 4274 spongia
583 4209 637 4260 vice
653 4210 763 4274 operculi
778 4210 899 4269 clansam,
916 4216 941 4260 et
957 4209 983 4258 in
998 4209 1101 4259 corbula
1116 4208 1170 4258 olus
1186 4208 1273 4258 maroi-

204 4296 270 4344 dum.
292 4295 349 4346 ⁴Sed
364 4299 448 4348 nescio
462 4313 495 4348 an
510 4307 617 4364 praestet
631 4315 681 4350 nou
697 4303 759 4377 adeo
775 4301 857 4350 verbis
874 4300 962 4350 comici
978 4299 1101 4350 insistere.

237 4407 251 4436 *
268 4410 287 4457 ὦ
304 4409 372 4474 θυμέ,
397 4418 455 4458 conr.
468 4420 539 4466 nque.
551 4429 583 4460 vs.
596 4419 660 4468 1194,
673 4421 775 4466 nurrprru
787 4420 841 4458 inter
853 4420 905 4460 utos
917 4421 971 4459 rocoa
983 4421 1076 4467 nonme
1088 4423 1143 4460 nee.
1157 4431 1178 4461 v.
1192 4423 1249 4462 rost.
