3154 5198
835 393 876 454 30

320 601 353 642 se
385 577 529 642 novit-
543 581 665 641 veteres
689 581 798 640 autem
821 594 918 639 seusu
943 571 1115 657 dignitatis
1140 570 1301 636 humanae
1325 593 1397 634 non

320 692 424 776 magis
456 689 608 754 carebant
645 711 741 773 quam
780 710 837 753 nos
859 723 905 736 —-
927 685 1011 749 nihil
1033 705 1205 749 commune
1227 684 1400 749 sibividet

320 828 394 870 cum
418 804 537 869 talibus
566 803 717 867 heroibus
741 801 882 886 tragicis.

365 905 455 1002 Opus
480 922 530 980 est
555 922 592 979 ut
613 913 772 999 exemplis
795 913 855 977 hoo
880 910 1050 978 illustrem.
1093 910 1272 974 Videamus
1291 909 1397 994 igitur

320 1029 463 1094 fabulam
500 1027 710 1112 Euripideam
745 1025 904 1108 Orestem,
940 1025 980 1090 de
1007 1045 1071 1110 qua
1094 1023 1261 1088 verissime
1285 1022 1394 1106 hypo-

320 1141 447 1206 theseos
463 1139 610 1224 scriptor:
626 1143 662 1203 τὸ
675 1135 786 1225 δρᾶμα·
796 1181 803 1195 ·
814 1182 838 1196 ··
852 1143 1012 1225 χείριστον
1024 1146 1092 1212 τοῖς
1101 1135 1218 1212 ἤθεσιν·
1231 1134 1317 1210 πλὴν
1329 1137 1396 1219 γὰρ

324 1250 475 1319 Πυλάδου
490 1255 606 1329 πάντες
618 1252 734 1340 φαῦλοι
744 1257 825 1328 ἦσαν
841 1253 862 1308 ¹·
908 1250 1078 1316 Contendo
1111 1247 1301 1334 Euripidem
1326 1271 1396 1313 non

321 1363 400 1428 satis
422 1364 624 1429 intellexisse
649 1385 779 1430 sensum
805 1364 1019 1448 symbolicum
1044 1362 1237 1428 narrationis
1260 1362 1394 1446 mytho-

320 1476 443 1562 logioae
467 1473 507 1542 de
532 1477 625 1543 furiis
649 1476 852 1543 matricidam
877 1477 1089 1564 agitantibus.
1121 1476 1282 1559 Erinnyes
1304 1475 1395 1560 apud

320 1611 395 1653 eum
427 1611 491 1654 non
527 1597 620 1672 sunt,
651 1599 690 1656 ut
721 1613 792 1656 esse
825 1591 1002 1672 debebant,
1038 1591 1149 1656 tristes
1191 1589 1324 1654 umbrae
1357 1594 1394 1652 et

321 1703 480 1788 imagines
516 1704 619 1769 animi
648 1705 737 1770 diris·
755 1704 920 1771 doloribus
942 1703 1109 1786 convulsi,
1134 1724 1237 1788 neque
1260 1703 1393 1769 Orestes

322 1821 489 1900 torquetur
502 1817 630 1883 sceleris
647 1818 698 1884 sni
717 1819 932 1897 eonscientia3
957 1819 1058 1883 immo
1082 1831 1166 1883 recte
1190 1817 1252 1882 sibi
1276 1815 1394 1882 fecisse

322 1929 466 2011 videtur,
494 1929 534 1994 de
554 1931 653 1997 atroci
676 1953 753 1997 nece
777 1931 1055 2016 Clytaemnestrse
1077 1931 1203 2016 placide
1225 1937 1259 1996 et
1279 1929 1392 2015 sophi-

322 2041 403 2107 stice
426 2043 570 2128 loquitur
584 2045 608 2126 ²,
633 2044 782 2130 vitaeque
806 2066 880 2109 oum
902 2042 1039 2109 minime
1060 2043 1262 2129 pertaedet⁸,
1283 2042 1331 2106 ita
1353 2051 1393 2104 ut

323 2156 412 2220 omni
445 2179 506 2243 ope
536 2159 660 2223 nitatur
678 2158 720 2222 ad
742 2158 953 2224 avertendum
973 2157 1056 2222 illud
1079 2157 1229 2240 λεύσιμον
1247 2159 1392 2241 τέτρωμα

322 2268 409 2354 quod
435 2270 465 2334 ei
488 2271 655 2336 minantur
676 2270 771 2336 cives.
820 2272 988 2336 Interdum
1014 2275 1141 2336 tantum
1165 2293 1184 2335 a
1205 2268 1299 2334 furiis
1320 2288 1391 2332 cor-

322 2381 439 2466 ripitur
460 2393 494 2449 et
515 2384 557 2448 ad
579 2385 740 2449 insaniam
764 2384 937 2470 redigitur3
950 2385 1046 2450 modo
1056 2383 1299 2469 resipiscentem
1315 2401 1390 2445 eum

323 2495 471 2562 videmus
497 2496 530 2560 in
546 2496 676 2562 fabulae
696 2497 801 2562 initio.
839 2498 879 2563 In
895 2497 961 2562 fine
977 2504 1086 2562 autem
1099 2494 1255 2561 dramatis
1272 2492 1390 2579 Apollo

324 2630 373 2673 res
407 2610 590 2694 componit3
625 2610 754 2676 Orestes
786 2611 1002 2694 Hermionen,
1030 2608 1206 2698 ᾖξιφήρης
1229 2604 1390 2695 ἐφεδρεύει,

323 2743 455 2787 uxorem
477 2724 592 2788 ducere
610 2723 745 2809 jubetur
769 2725 831 2810 (vs.
863 2728 947 2790 1653
972 2731 1069 2810 sqq.),
1092 2729 1125 2788 et
1146 2720 1261 2788 docilis
1280 2719 1390 2784 admo-

324 2833 402 2898 dum
434 2837 623 2921 respondet:
657 2835 725 2902 ἰδοὺ
759 2836 877 2921 μεθίημ’
904 2835 1073 2923 Ἑρμιόνην
1099 2836 1161 2902 ἀπὸ
1183 2843 1317 2920 σφαγῆς,
1344 2838 1390 2898 καὶ

325 2947 424 3035 λέκτρ’
445 2947 565 3035 ἐτῄνισ’
585 2947 664 3026 ἡνίκ’
685 2950 725 3015 ἂν
747 2946 820 3034 διδῷ
841 2958 943 3036 πατὴρ
967 2957 1028 3032 (vs,
1056 2951 1138 3013 1671
1153 2948 1228 3033 sq.).
1270 2947 1322 3011 Ite
1336 2967 1392 3031 per

324 3063 536 3146 κωμικωτέραν
556 3062 795 3148 καταστροφὴν*
817 3062 988 3129 matricida
1000 3070 1093 3127 sexto
1105 3061 1157 3126 die
1169 3060 1209 3125 ab
1222 3061 1391 3125 interemta

326 3169 584 3254 Clytaemnestra
606 3195 739 3239 uxorem
764 3176 827 3241 sibi
852 3176 962 3241 sumit.
1011 3175 1101 3240 Haec
1120 3194 1287 3258 nunquam
1304 3193 1389 3237 com-

326 3290 455 3348 mentus
468 3290 554 3349 esset
564 3291 660 3370 poeta
672 3287 727 3371 qui
740 3288 936 3372 perspiceret
953 3295 987 3354 et
1001 3287 1216 3371 meminisset,
1231 3286 1389 3368 Erinnyas

325 3415 390 3459 non
426 3397 503 3462 adeo
537 3404 628 3463 extra
663 3398 810 3465 homiues
841 3401 896 3466 sed
926 3403 958 3465 in
982 3422 1090 3466 eorum
1109 3405 1236 3484 pectore
1261 3399 1388 3480 versari,

333 3617 549 3627 ——--—-—-.

360 3730 366 3760 ¹
400 3731 446 3781 Cui
464 3732 596 3796 obloquens
613 3734 636 3785 G
664 3737 822 3784 Hermaunus
839 3735 865 3784 in
882 3736 976 3799 proleg.
994 3736 1077 3788 Orest.
1094 3752 1151 3802 pag.
1173 3738 1202 3785 14
1219 3736 1262 3784 vix
1279 3735 1389 3800 cuiquam

326 3821 486 3882 persuadebit.

358 3907 640 3975 ²Wmfflw.
1091 3969 1093 3974 ¹

359 3997 368 4028 ³
401 4000 449 4046 Vs.
474 4000 523 4049 ort
547 4015 595 4063 sq.:
625 4002 703 4050 “mihi
726 4016 784 4065 opes
809 4004 871 4052 duco
898 3998 1009 4065 (beatum
1028 4019 1067 4053 me
1088 4003 1186 4064 censeo)
1204 4003 1224 4049 si
1241 4003 1316 4050 vitam
1334 3999 1389 4048 mihi

325 4102 422 4147 serves,
439 4103 501 4152 quae
518 4091 579 4138 mibi
596 4100 635 4139 est
650 4091 817 4140 dulcissima.''

360 4178 370 4208 ⁴
403 4177 503 4229 Orestes
527 4181 571 4228 vix
596 4181 674 4244 magis
698 4182 747 4229 dici
772 4191 852 4245 potest
874 4182 946 4231 horos
969 4182 1077 4245 tragicus
1094 4196 1166 4245 quum
1184 4178 1339 4243 Dicaoopolis
1354 4178 1390 4226 ille

328 4268 524 4329 Aristophaneus
548 4270 589 4332 qui
606 4271 709 4332 abrepto
727 4271 925 4320 Acharnensium
942 4272 1030 4334 λαρκῷ
1046 4279 1152 4319 mortem
1169 4271 1251 4328 struit,
1269 4268 1309 4316 vel
1324 4269 1389 4317 Mne

327 4356 431 4404 silochus
456 4358 496 4420 qui
522 4358 665 4407 mulieribus
690 4359 954 4422 Thesmophoriazusis
979 4360 1085 4407 minatur
1110 4374 1136 4406 se
1164 4361 1251 4408 cadum
1278 4359 1327 4406 vini
1344 4373 1389 4406 esre

328 4452 498 4495 mactatarum.
