3154 5198
738 397 775 458 31

218 581 252 636 et
277 573 464 657 “improbos
498 596 563 640 nou
596 577 784 644 ardentibus
819 579 939 661 taedia,
975 582 1031 646 sed
1065 604 1185 668 angore
1215 607 1291 650 con-

218 687 373 752 scientiae
396 687 584 775 fraudisque
606 691 750 757 cruciatu
773 692 897 778 agitare
919 699 951 757 et
975 693 1190 760 insectari.”¹

264 801 303 865 ln
333 801 398 866 fine
431 801 604 868 Electraeq
646 802 733 868 idem
765 805 842 870 licet
865 807 1048 891 observare,
1073 830 1154 894 quae
1180 809 1291 875 fabula

216 914 338 998 pariter
358 914 398 980 de
420 913 698 998 Clytaemnestrae
722 924 825 981 morte
847 917 925 1003 agit.
966 918 1050 982 Nam
1073 919 1222 986 Dioscuri
1235 923 1291 1006 qui

217 1027 339 1093 adsunt
362 1027 405 1092 ad
423 1029 569 1094 1111111111)
590 1029 980 1114 μηχανῆς1111ί111111111111,
997 1030 1143 1097 Orestem
1157 1041 1195 1098 111
1206 1032 1290 1098 bono

216 1140 327 1205 animo
357 1139 400 1206 sit
429 1141 610 1225 hortantur,
642 1147 675 1207 et
709 1143 856 1208 Electrae
887 1165 961 1208 cum
993 1144 1115 1228 Pylade
1138 1147 1289 1231 nuptias,

216 1277 326 1321 coram
362 1258 475 1322 matris
509 1257 662 1323 cadavere
693 1257 799 1323 adhuc
835 1266 981 1342 tepente,
1016 1258 1149 1323 infando
1182 1259 1290 1324 omine

115 1399 120 1408 ·
216 1369 410 1451 conciliant,
434 1369 480 1435 ita
502 1378 540 1434 ut
562 1370 673 1456 virago
696 1370 754 1434 illa
775 1371 927 1456 opinione
953 1393 1012 1436 sua
1037 1371 1170 1436 celerius
1186 1373 1291 1457 possit

216 1482 354 1568 abjicere
386 1483 534 1548 timorem
571 1475 668 1568 quem
698 1504 744 1547 vs.
780 1485 864 1548 1199
899 1505 968 1568 sqq.
1007 1483 1208 1567 ostenderat,
1249 1507 1289 1549 ne

216 1595 346 1681 piaculo
379 1595 535 1660 obstricta
562 1595 698 1659 thalami
723 1615 835 1678 expers
859 1601 1012 1660 maneret.
1052 1595 1183 1661 Scilicet
1206 1597 1288 1661 nihil

217 1709 369 1774 videntur
398 1709 570 1794 antiquius¹
590 1708 742 1773 habuisse
764 1708 1021 1793 Agamemnonis
1045 1708 1137 1774 liberi
1162 1718 1289 1775 mortua

216 1828 335 1905 matre,
369 1844 466 1908 qnam
497 1832 535 1886 111
572 1822 817 1886 matrimonium
843 1821 971 1886 inirent.
1020 1821 1135 1886 Puella
1158 1829 1286 1907 autem,

217 1959 299 2022 quae
320 1959 429 2002 recens
450 1958 471 2000 a
492 1933 606 2000 matris
630 1936 725 2000 caede
747 1935 787 1999 de
809 1935 933 2020 nuptiis
956 1935 1096 2020 cogitat,
1122 1945 1179 2000 aut
1194 1958 1288 2002 mon·

216 2059 322 2115 strum
354 2058 420 2114 tam
453 2055 503 2114 est
537 2046 730 2114 horrendum
754 2053 793 2112 111
815 2068 901 2112 mors
924 2069 989 2111 una
1014 2047 1045 2110 iu
1070 2047 1140 2131 ejus
1161 2049 1287 2134 suppli-

215 2164 301 2227 cium
331 2185 446 2248 parum
476 2164 536 2247 sit,
570 2170 628 2228 aut
658 2161 785 2227 scenica
811 2183 899 2246 pupa
921 2167 958 2225 ut
981 2160 1078 2225 modo
1101 2163 1286 2245 nominavi,

216 2275 300 2339 nihil
324 2281 439 2360 sponte
463 2297 522 2340 sua
543 2297 659 2360 agens,
683 2273 739 2338 sed
762 2272 915 2338 coelitum
937 2279 1019 2338 nutu
1043 2273 1129 2339 ultro
1143 2274 1287 2360 citroque

215 2409 250 2452 se
270 2395 415 2452 vertens:
437 2387 618 2452 communis
642 2407 716 2450 vero
738 2385 953 2450 humanitatis
966 2385 1047 2450 nihil
1060 2386 1288 2452 omninoinest

214 2501 290 2565 huic
313 2500 447 2566 Atridae
468 2501 634 2586 progeniei
649 2507 669 2564 ³.

254 2663 261 2668 .
271 2663 432 2670 -.Q-..-

247 2733 256 2764 ¹
290 2733 341 2784 Cic.
360 2734 389 2783 de
406 2735 469 2796 Leg.
487 2733 508 2792 1,
529 2734 566 2789 14,
576 2734 616 2782 to.
629 2759 656 2769 -
666 2733 736 2781 Idem
746 2747 791 2796 pro
800 2733 872 2783 Rosa.
882 2734 970 2781 Aruer.
979 2735 1019 2792 24,
1029 2735 1073 2786 67:
1091 2735 1288 2800 “Susquemquc

213 2823 298 2871 “lrans
322 2833 348 2871 et
372 2837 430 2872 suus
448 2804 528 2872 terror
545 2825 654 2872 maxime
672 2833 759 2882 vexat,
777 2838 849 2871 snum
866 2837 989 2886 quemque
1006 2825 1087 2873 scelus
1103 2826 1189 2888 agitat,
1206 2841 1289 2874 amen-

214 2912 312 2976 “tieqne
329 2912 417 2970 allicit,
435 2927 494 2961 suaa
512 2914 590 2962 malae
606 2913 769 2975 cogitationes
783 2913 994 2976 conscientiaeque
1011 2913 1087 2961 animi
1104 2903 1207 2961 torrent.
1232 2897 1287 2961 liae

214 3006 290 3051 “sunt
313 3003 397 3065 impiis
421 3004 533 3050 assiduae
551 3003 745 3064 domesticaeque
761 3002 852 3059 furiae,
871 3015 932 3064 qnae
949 3001 1001 3049 dies
1017 3008 1147 3063 noctesque
1165 3015 1257 3063 poenas
1273 3018 1288 3048 a

213 3092 472 3141 “consceleratissimis
489 3091 544 3139 filiis
561 3089 699 3154 repetant.''
971 3089 972 3094 ’

246 3178 257 3210 ²
290 3183 345 3230 Hoc
370 3184 456 3231 drama
485 3197 500 3228 a
517 3182 673 3230 Bernhardio
690 3191 791 3232 vocatur
810 3183 865 3230 '‘ein
882 3181 1008 3232 Denkmal
1026 3185 1068 3230 des
1085 3181 1160 3229 tiefen
1177 3181 1287 3231 Varsalla

214 3271 342 3319 in.Kuust
358 3274 408 3321 und
425 3272 602 3330 Gesohmack''‚
620 3288 676 3336 pag.
695 3273 750 3321 493.

247 3360 257 3390 ³
290 3361 359 3408 Inter
383 3362 508 3410 Electram
535 3362 696 3425 Sophocleum
722 3370 748 3410 et
769 3362 942 3424 Euripideum,
968 3361 1054 3409 addita
1070 3362 1193 3409 interdurn
1210 3362 1286 3410 etiam

211 3449 288 3498 tertia
313 3450 355 3498 illa
378 3465 411 3499 ex
436 3451 555 3515 Aeschyli
581 3450 746 3514 Choephoris,
773 3451 869 3514 saepius
893 3461 930 3500 est
946 3450 1059 3499 instituta
1075 3451 1238 3513 comparatio,
1256 3454 1286 3499 dc

212 3554 263 3602 qua
286 3554 335 3588 non
361 3540 433 3604 hujus
459 3541 507 3589 loci
533 3550 571 3589 est
593 3555 677 3603 agere.
712 3541 767 3590 Hoc
783 3555 858 3589 unum
876 3541 1008 3589 observare
1026 3539 1086 3588 mihi
1103 3540 1187 3598 liceat,
1204 3541 1286 3590 dirum

213 3627 289 3683 illud.
315 3644 364 3692 quo
388 3631 488 3679 Electra
512 3631 641 3694 Euripidis
666 3632 748 3688 ardet,
774 3631 859 3679 matris
884 3631 968 3678 odium
985 3631 1053 3678 nulla
1070 3633 1099 3678 111
1117 3633 1176 3692 ipra
1187 3631 1285 3692 subido

212 3718 325 3782 accipere
342 3719 514 3778 incitamenta
536 3721 611 3770 immo
627 3720 851 3783 Clytaemnestram
869 3720 983 3768 audimus
1000 3719 1119 3767 benevole
1136 3728 1162 3768 et
1181 3720 1287 3768 demisse

212 3807 365 3870 loquentem
390 3809 527 3872 Sophoclea
551 3826 611 3859 vero
635 3812 736 3860 Electra
761 3821 845 3858 namot
862 3808 932 3859 nobis
956 3808 1041 3857 matris
1056 3806 1142 3871 jurgia
1159 3809 1286 3872 minasque

214 3898 260 3954 (vs.
277 3897 426 3962 tar-298),
444 3906 468 3947 et
485 3913 500 3946 a
516 3899 725 3963 Chrysothemide
741 3901 810 3948 audit
826 3914 852 3948 se
870 3900 901 3948 ab
918 3899 1043 3963 Aegistho
1054 3906 1080 3948 et
1088 3899 1286 3964 Clytaemnestra

207 3985 313 4048 jamjam
331 3987 489 4036 subterraneo
506 4004 602 4039 carcere
619 3990 742 4038 inclusum
760 3989 790 4038 iri
807 3989 852 4051 (11.
869 3990 918 4042 379
935 4003 1006 4053 sqq).
1035 3989 1110 4039 Caedi
1122 4004 1196 4052 porro
1205 3990 1285 4052 (cujus

212 4089 270 4137 pars
295 4075 374 4124 multa
398 4087 435 4126 111
459 4078 559 4127 Electra
584 4080 728 4142 Euripiden)
753 4094 802 4128 non
820 4080 902 4138 adest,
920 4080 967 4128 etsi
983 4079 1080 4141 probet,
1098 4087 1123 4126 et
1139 4079 1171 4126 de
1188 4089 1285 4128 mortua

212 4179 269 4214 cum
295 4167 451 4216 miseratione
470 4169 589 4233 loquitur:
609 4169 726 4229 τέθνηκεν
742 4170 758 4230 ἡ
776 4170 884 4219 τάλαινα
907 4170 952 4231 (vs.
973 4170 1055 4233 1426),·
1074 4169 1166 4217 mulier
1182 4169 1285 4233 denique

212 4265 264 4314 est,
288 4269 338 4304 non
362 4257 430 4305 mitis
455 4257 569 4321 quidem,
595 4259 638 4306 sed
663 4257 752 4307 mulier
778 4267 873 4306 tamen:
900 4258 927 4306 iu
952 4258 1080 4323 Euripidis
1097 4273 1157 4307 vero
1173 4261 1284 4308 dramate

211 4344 295 4407 potius
321 4345 448 4409 sanguinis
473 4347 599 4397 sitientem
627 4349 744 4410 tigridem
771 4349 854 4397 videre
881 4357 904 4395 tc
930 4348 1032 4397 dixeris.
1059 4346 1107 4409 (cf.
1125 4348 1282 4410 caeteroquin

209 4435 276 4483 iufra
293 4451 342 4498 pag
369 4439 472 4494 11111111
503 4437 533 4500 1)
