<?xml version="1.0" encoding="UTF-8"?>
<!DOCTYPE html PUBLIC "-//W3C//DTD XHTML 1.0 Transitional//EN"
    "http://www.w3.org/TR/xhtml1/DTD/xhtml1-transitional.dtd">
<html xmlns="http://www.w3.org/1999/xhtml" xml:lang="en" lang="en">
 <head>
  <title>
</title>
<meta http-equiv="Content-Type" content="text/html;charset=utf-8" />
  <meta name='ocr-system' content='tesseract 3.04.00' />
  <meta name='ocr-capabilities' content='ocr_page ocr_carea ocr_par ocr_line ocrx_word'/>
</head>
<body>
  <div class='ocr_page' id='page_1' title='image "./specimenliterar02leeugoog_0171.png"; bbox 0 0 3180 5196; ppageno 0'>
   <div class='ocr_carea' id='block_1_1' title="bbox 612 992 1035 1070">
    <p class='ocr_par' dir='ltr' id='par_1_1' title="bbox 612 992 1035 1070">
     <span class='ocr_line' id='line_1_1' title="bbox 612 992 1035 1070; baseline 0 0"><span class='ocrx_word' id='word_1_1' title='bbox 612 992 1035 1070; x_wconf 90' lang='lat' dir='ltr'><strong>SUMMARIUM.</strong></span> 
     </span>
    </p>
   </div>
   <div class='ocr_carea' id='block_1_2' title="bbox 285 1382 1357 1465">
    <p class='ocr_par' dir='ltr' id='par_1_2' title="bbox 285 1382 1357 1465">
     <span class='ocr_line' id='line_1_2' title="bbox 285 1382 1357 1465; baseline -0.031 -7"><span class='ocrx_word' id='word_1_2' title='bbox 285 1382 560 1458; x_wconf 76' lang='lat' dir='ltr'><strong>Pnoonmun</strong></span> <span class='ocrx_word' id='word_1_3' title='bbox 567 1428 1062 1446; x_wconf 84' lang='grc'><strong>.......................</strong></span> <span class='ocrx_word' id='word_1_4' title='bbox 1074 1401 1189 1465; x_wconf 48' lang='lat' dir='ltr'><strong>„pag</strong></span> <span class='ocrx_word' id='word_1_5' title='bbox 1231 1383 1293 1443; x_wconf 64' lang='lat'><strong>1„</strong></span> <span class='ocrx_word' id='word_1_6' title='bbox 1319 1385 1357 1444; x_wconf 67' lang='lat'><strong>4,</strong></span> 
     </span>
    </p>
   </div>
   <div class='ocr_carea' id='block_1_3' title="bbox 396 1495 1132 1832">
    <p class='ocr_par' dir='ltr' id='par_1_3' title="bbox 396 1495 1132 1832">
     <span class='ocr_line' id='line_1_3' title="bbox 429 1495 1132 1556; baseline -0.007 -5"><span class='ocrx_word' id='word_1_7' title='bbox 429 1501 536 1551; x_wconf 68' lang='lat' dir='ltr'><strong>Diversa</strong></span> <span class='ocrx_word' id='word_1_8' title='bbox 558 1497 685 1546; x_wconf 89' lang='lat' dir='ltr'><strong>homiuum</strong></span> <span class='ocrx_word' id='word_1_9' title='bbox 701 1497 795 1556; x_wconf 83' lang='lat' dir='ltr'><strong>studia,</strong></span> <span class='ocrx_word' id='word_1_10' title='bbox 811 1496 868 1545; x_wconf 86' lang='lat' dir='ltr'><strong>hinc</strong></span> <span class='ocrx_word' id='word_1_11' title='bbox 884 1504 970 1546; x_wconf 81' lang='lat' dir='ltr'><strong>vetera</strong></span> <span class='ocrx_word' id='word_1_12' title='bbox 985 1495 1132 1554; x_wconf 80' lang='lat' dir='ltr'><strong>scientium,</strong></span> 
     </span>
     <span class='ocr_line' id='line_1_4' title="bbox 396 1586 1130 1650; baseline -0.01 -10"><span class='ocrx_word' id='word_1_13' title='bbox 396 1592 463 1640; x_wconf 90' lang='lat' dir='ltr'><strong>illinc</strong></span> <span class='ocrx_word' id='word_1_14' title='bbox 478 1604 544 1638; x_wconf 84' lang='lat' dir='ltr'><strong>nors</strong></span> <span class='ocrx_word' id='word_1_15' title='bbox 560 1586 717 1645; x_wconf 72' lang='lat' dir='ltr'><strong>sectantium,</strong></span> <span class='ocrx_word' id='word_1_16' title='bbox 735 1587 808 1635; x_wconf 87' lang='lat' dir='ltr'><strong>etiam</strong></span> <span class='ocrx_word' id='word_1_17' title='bbox 824 1586 891 1648; x_wconf 92' lang='lat' dir='ltr'><strong>apud</strong></span> <span class='ocrx_word' id='word_1_18' title='bbox 907 1586 1020 1649; x_wconf 82' lang='lat' dir='ltr'><strong>antiquos</strong></span> <span class='ocrx_word' id='word_1_19' title='bbox 1037 1586 1130 1650; x_wconf 85' lang='lat' dir='ltr'><strong>conspi-</strong></span> 
     </span>
     <span class='ocr_line' id='line_1_5' title="bbox 396 1675 1132 1743; baseline -0.008 -13"><span class='ocrx_word' id='word_1_20' title='bbox 396 1697 443 1730; x_wconf 83' lang='lat' dir='ltr'><strong>cua</strong></span> <span class='ocrx_word' id='word_1_21' title='bbox 459 1695 516 1743; x_wconf 78' lang='lat' dir='ltr'><strong>pag.</strong></span> <span class='ocrx_word' id='word_1_22' title='bbox 535 1681 546 1728; x_wconf 98' lang='lat' dir='ltr'><strong>l</strong></span> <span class='ocrx_word' id='word_1_23' title='bbox 565 1692 629 1741; x_wconf 87' lang='lat' dir='ltr'><strong>sqq.;</strong></span> <span class='ocrx_word' id='word_1_24' title='bbox 646 1675 773 1739; x_wconf 75' lang='lat' dir='ltr'><strong>speciatim</strong></span> <span class='ocrx_word' id='word_1_25' title='bbox 790 1676 815 1722; x_wconf 91' lang='lat' dir='ltr'><strong>iu</strong></span> <span class='ocrx_word' id='word_1_26' title='bbox 832 1675 996 1724; x_wconf 71' lang='lat' dir='ltr'>simultatibus</span> <span class='ocrx_word' id='word_1_27' title='bbox 1009 1691 1132 1738; x_wconf 86' lang='lat' dir='ltr'><strong>quaecum</strong></span> 
     </span>
     <span class='ocr_line' id='line_1_6' title="bbox 397 1764 1002 1832; baseline -0.01 -13"><span class='ocrx_word' id='word_1_28' title='bbox 397 1769 517 1832; x_wconf 75' lang='lat' dir='ltr'><strong>Euripide</strong></span> <span class='ocrx_word' id='word_1_29' title='bbox 532 1765 644 1816; x_wconf 86' lang='lat' dir='ltr'><strong>exercuit</strong></span> <span class='ocrx_word' id='word_1_30' title='bbox 659 1764 843 1828; x_wconf 71' lang='lat' dir='ltr'><strong>Aristophanes</strong></span> <span class='ocrx_word' id='word_1_31' title='bbox 860 1780 917 1828; x_wconf 84' lang='lat' dir='ltr'><strong>pag.</strong></span> <span class='ocrx_word' id='word_1_32' title='bbox 935 1766 951 1812; x_wconf 83' lang='lat'><strong>3</strong></span> <span class='ocrx_word' id='word_1_33' title='bbox 967 1779 1002 1828; x_wconf 92' lang='lat' dir='ltr'><strong>sq.</strong></span> 
     </span>
    </p>
   </div>
   <div class='ocr_carea' id='block_1_4' title="bbox 265 1892 1356 2092">
    <p class='ocr_par' dir='ltr' id='par_1_4' title="bbox 265 1892 1356 2092">
     <span class='ocr_line' id='line_1_7' title="bbox 265 1892 1130 1978; baseline 0 -20"><span class='ocrx_word' id='word_1_34' title='bbox 265 1899 433 1965; x_wconf 75' lang='lat' dir='ltr'><strong>,CAPUT</strong></span> <span class='ocrx_word' id='word_1_35' title='bbox 457 1899 482 1962; x_wconf 88' lang='grc' dir='ltr'><strong>Ι.</strong></span> <span class='ocrx_word' id='word_1_36' title='bbox 531 1896 580 1960; x_wconf 88' lang='lat' dir='ltr'><strong>De</strong></span> <span class='ocrx_word' id='word_1_37' title='bbox 614 1893 720 1960; x_wconf 81' lang='lat' dir='ltr'><strong>causis</strong></span> <span class='ocrx_word' id='word_1_38' title='bbox 754 1892 820 1957; x_wconf 92' lang='lat' dir='ltr'><strong>odii</strong></span> <span class='ocrx_word' id='word_1_39' title='bbox 843 1892 1074 1978; x_wconf 85' lang='lat' dir='ltr'><strong>Aristophanis</strong></span> <span class='ocrx_word' id='word_1_40' title='bbox 1097 1894 1130 1958; x_wconf 94' lang='lat' dir='ltr'><strong>in</strong></span> 
     </span>
     <span class='ocr_line' id='line_1_8' title="bbox 510 2007 1356 2092; baseline 0 -20"><span class='ocrx_word' id='word_1_41' title='bbox 510 2007 699 2092; x_wconf 84' lang='lat' dir='ltr'><strong>Euripidem</strong></span> <span class='ocrx_word' id='word_1_42' title='bbox 702 2055 1130 2072; x_wconf 87' lang='grc'><strong>....................</strong></span> <span class='ocrx_word' id='word_1_43' title='bbox 1143 2040 1156 2070; x_wconf 74' lang='lat' dir='ltr'><strong>u</strong></span> <span class='ocrx_word' id='word_1_44' title='bbox 1228 2011 1356 2076; x_wconf 82' lang='lat'>5-12.</span> 
     </span>
    </p>
   </div>
   <div class='ocr_carea' id='block_1_5' title="bbox 363 2133 1176 2648">
    <p class='ocr_par' dir='ltr' id='par_1_5' title="bbox 366 2133 1176 2470">
     <span class='ocr_line' id='line_1_9' title="bbox 366 2133 1134 2200; baseline -0.004 -13"><span class='ocrx_word' id='word_1_45' title='bbox 366 2135 368 2139; x_wconf 74' lang='grc'>’</span> <span class='ocrx_word' id='word_1_46' title='bbox 428 2140 554 2200; x_wconf 85' lang='lat' dir='ltr'><strong>Quantum</strong></span> <span class='ocrx_word' id='word_1_47' title='bbox 580 2135 615 2184; x_wconf 92' lang='lat' dir='ltr'><strong>iiii</strong></span> <span class='ocrx_word' id='word_1_48' title='bbox 642 2135 724 2184; x_wconf 87' lang='lat' dir='ltr'><strong>indole</strong></span> <span class='ocrx_word' id='word_1_49' title='bbox 748 2150 763 2182; x_wconf 87' lang='lat' dir='ltr'><strong>a</strong></span> <span class='ocrx_word' id='word_1_50' title='bbox 788 2150 814 2183; x_wconf 86' lang='lat' dir='ltr'><strong>se</strong></span> <span class='ocrx_word' id='word_1_51' title='bbox 839 2133 945 2182; x_wconf 83' lang='lat' dir='ltr'><strong>invicem</strong></span> <span class='ocrx_word' id='word_1_52' title='bbox 965 2134 1134 2197; x_wconf 75' lang='lat' dir='ltr'><strong>discreparent</strong></span> 
     </span>
     <span class='ocr_line' id='line_1_10' title="bbox 395 2224 1131 2292; baseline -0.004 -16"><span class='ocrx_word' id='word_1_53' title='bbox 395 2244 451 2292; x_wconf 84' lang='lat' dir='ltr'><strong>pag.</strong></span> <span class='ocrx_word' id='word_1_54' title='bbox 468 2228 484 2275; x_wconf 83' lang='lat' dir='ltr'><strong>t</strong></span> <span class='ocrx_word' id='word_1_55' title='bbox 500 2241 551 2290; x_wconf 87' lang='lat' dir='ltr'><strong>sqq.</strong></span> <span class='ocrx_word' id='word_1_56' title='bbox 569 2225 641 2288; x_wconf 85' lang='lat' dir='ltr'><strong>Reip.</strong></span> <span class='ocrx_word' id='word_1_57' title='bbox 659 2239 749 2287; x_wconf 89' lang='lat' dir='ltr'><strong>auceps</strong></span> <span class='ocrx_word' id='word_1_58' title='bbox 766 2224 872 2272; x_wconf 85' lang='lat' dir='ltr'><strong>conditio</strong></span> <span class='ocrx_word' id='word_1_59' title='bbox 888 2239 944 2288; x_wconf 84' lang='lat' dir='ltr'><strong>pag.</strong></span> <span class='ocrx_word' id='word_1_60' title='bbox 961 2224 986 2274; x_wconf 89' lang='lat'><strong>7.</strong></span> <span class='ocrx_word' id='word_1_61' title='bbox 1002 2224 1055 2275; x_wconf 81' lang='lat' dir='ltr'><strong>Cur</strong></span> <span class='ocrx_word' id='word_1_62' title='bbox 1072 2226 1131 2275; x_wconf 86' lang='lat' dir='ltr'><strong>Ari·</strong></span> 
     </span>
     <span class='ocr_line' id='line_1_11' title="bbox 394 2315 1176 2382; baseline -0.014 -14"><span class='ocrx_word' id='word_1_63' title='bbox 394 2319 526 2382; x_wconf 87' lang='lat' dir='ltr'><strong>stophaues</strong></span> <span class='ocrx_word' id='word_1_64' title='bbox 541 2316 599 2365; x_wconf 90' lang='lat' dir='ltr'><strong>odio</strong></span> <span class='ocrx_word' id='word_1_65' title='bbox 616 2315 717 2364; x_wconf 87' lang='lat' dir='ltr'><strong>haberet</strong></span> <span class='ocrx_word' id='word_1_66' title='bbox 727 2315 849 2378; x_wconf 73' lang='lat' dir='ltr'><strong>sophistas</strong></span> <span class='ocrx_word' id='word_1_67' title='bbox 861 2323 887 2363; x_wconf 87' lang='lat' dir='ltr'><strong>ct</strong></span> <span class='ocrx_word' id='word_1_68' title='bbox 898 2315 1012 2363; x_wconf 88' lang='lat' dir='ltr'><strong>rhetores</strong></span> <span class='ocrx_word' id='word_1_69' title='bbox 1023 2331 1048 2378; x_wconf 88' lang='lat' dir='ltr'><strong>p.</strong></span> <span class='ocrx_word' id='word_1_70' title='bbox 1058 2315 1074 2364; x_wconf 86' lang='lat'><strong>8</strong></span> <span class='ocrx_word' id='word_1_71' title='bbox 1083 2329 1133 2379; x_wconf 87' lang='lat' dir='ltr'><strong>sq.;</strong></span> <span class='ocrx_word' id='word_1_72' title='bbox 1174 2353 1176 2357; x_wconf 89' lang='lat'>.</span> 
     </span>
     <span class='ocr_line' id='line_1_12' title="bbox 396 2404 1133 2470; baseline -0.004 -14"><span class='ocrx_word' id='word_1_73' title='bbox 396 2405 511 2470; x_wconf 84' lang='lat' dir='ltr'><strong>Euripidi</strong></span> <span class='ocrx_word' id='word_1_74' title='bbox 527 2404 638 2453; x_wconf 80' lang='lat' dir='ltr'><strong>infensus</strong></span> <span class='ocrx_word' id='word_1_75' title='bbox 654 2418 699 2467; x_wconf 85' lang='lat' dir='ltr'><strong>per</strong></span> <span class='ocrx_word' id='word_1_76' title='bbox 715 2412 791 2452; x_wconf 87' lang='lat' dir='ltr'><strong>totam</strong></span> <span class='ocrx_word' id='word_1_77' title='bbox 808 2405 885 2452; x_wconf 86' lang='lat' dir='ltr'><strong>vitam</strong></span> <span class='ocrx_word' id='word_1_78' title='bbox 902 2419 960 2468; x_wconf 83' lang='lat' dir='ltr'><strong>psg.</strong></span> <span class='ocrx_word' id='word_1_79' title='bbox 976 2407 1006 2462; x_wconf 87' lang='lat'><strong>9,</strong></span> <span class='ocrx_word' id='word_1_80' title='bbox 1017 2405 1133 2454; x_wconf 88' lang='lat' dir='ltr'><strong>uecienis</strong></span> 
     </span>
    </p>

    <p class='ocr_par' dir='ltr' id='par_1_6' title="bbox 363 2492 1132 2648">
     <span class='ocr_line' id='line_1_13' title="bbox 363 2492 1132 2558; baseline -0.001 -14"><span class='ocrx_word' id='word_1_81' title='bbox 363 2507 365 2512; x_wconf 90' lang='lat'>·</span> <span class='ocrx_word' id='word_1_82' title='bbox 394 2498 419 2544; x_wconf 92' lang='lat' dir='ltr'><strong>iu</strong></span> <span class='ocrx_word' id='word_1_83' title='bbox 435 2495 473 2544; x_wconf 86' lang='lat' dir='ltr'><strong>ira</strong></span> <span class='ocrx_word' id='word_1_84' title='bbox 489 2509 546 2557; x_wconf 84' lang='lat' dir='ltr'><strong>pag.</strong></span> <span class='ocrx_word' id='word_1_85' title='bbox 565 2495 595 2542; x_wconf 87' lang='grc'><strong>10</strong></span> <span class='ocrx_word' id='word_1_86' title='bbox 612 2507 648 2556; x_wconf 88' lang='lat' dir='ltr'><strong>sq.</strong></span> <span class='ocrx_word' id='word_1_87' title='bbox 666 2492 803 2556; x_wconf 82' lang='lat' dir='ltr'><strong>Utriusque</strong></span> <span class='ocrx_word' id='word_1_88' title='bbox 820 2492 910 2555; x_wconf 81' lang='lat' dir='ltr'><strong>scripte</strong></span> <span class='ocrx_word' id='word_1_89' title='bbox 920 2505 1132 2558; x_wconf 79' lang='lat' dir='ltr'><strong>magusexparte</strong></span> 
     </span>
     <span class='ocr_line' id='line_1_14' title="bbox 395 2583 1024 2648; baseline 0.003 -16"><span class='ocrx_word' id='word_1_90' title='bbox 395 2584 522 2646; x_wconf 88' lang='lat' dir='ltr'><strong>deperdita</strong></span> <span class='ocrx_word' id='word_1_91' title='bbox 539 2599 595 2648; x_wconf 84' lang='lat' dir='ltr'><strong>pag.</strong></span> <span class='ocrx_word' id='word_1_92' title='bbox 615 2586 652 2633; x_wconf 93' lang='lat' dir='ltr'><strong>ll.</strong></span> <span class='ocrx_word' id='word_1_93' title='bbox 669 2583 791 2632; x_wconf 86' lang='lat' dir='ltr'><strong>Materiae</strong></span> <span class='ocrx_word' id='word_1_94' title='bbox 807 2583 895 2632; x_wconf 86' lang='lat' dir='ltr'><strong>divisio</strong></span> <span class='ocrx_word' id='word_1_95' title='bbox 911 2598 968 2648; x_wconf 81' lang='lat' dir='ltr'><strong>pag.</strong></span> <span class='ocrx_word' id='word_1_96' title='bbox 986 2586 1024 2634; x_wconf 81' lang='lat'><strong>12.</strong></span> 
     </span>
    </p>
   </div>
   <div class='ocr_carea' id='block_1_6' title="bbox 284 2714 1353 2800">
    <p class='ocr_par' dir='ltr' id='par_1_7' title="bbox 284 2714 1353 2800">
     <span class='ocr_line' id='line_1_15' title="bbox 284 2714 1353 2800; baseline 0 -20"><span class='ocrx_word' id='word_1_97' title='bbox 284 2716 432 2786; x_wconf 78' lang='lat' dir='ltr'><strong>CAPUT</strong></span> <span class='ocrx_word' id='word_1_98' title='bbox 456 2715 500 2778; x_wconf 90' lang='lat' dir='ltr'><strong>II.</strong></span> <span class='ocrx_word' id='word_1_99' title='bbox 549 2714 721 2800; x_wconf 81' lang='lat' dir='ltr'><strong>Euripides</strong></span> <span class='ocrx_word' id='word_1_100' title='bbox 744 2714 839 2790; x_wconf 78' lang='grc' dir='ltr'>ἄθεος</span> <span class='ocrx_word' id='word_1_101' title='bbox 851 2763 1127 2780; x_wconf 88' lang='grc'><strong>.............</strong></span> <span class='ocrx_word' id='word_1_102' title='bbox 1141 2746 1154 2778; x_wconf 75' lang='lat' dir='ltr'><strong>u</strong></span> <span class='ocrx_word' id='word_1_103' title='bbox 1206 2718 1353 2781; x_wconf 87' lang='lat'>13-38.</span> 
     </span>
    </p>
   </div>
   <div class='ocr_carea' id='block_1_7' title="bbox 313 2839 1133 4516">
    <p class='ocr_par' dir='ltr' id='par_1_8' title="bbox 314 2839 1133 3353">
     <span class='ocr_line' id='line_1_16' title="bbox 314 2839 1133 2904; baseline -0.001 -15"><span class='ocrx_word' id='word_1_104' title='bbox 314 2844 328 2903; x_wconf 70' lang='grc'>5</span> <span class='ocrx_word' id='word_1_105' title='bbox 347 2844 372 2889; x_wconf 91' lang='lat' dir='ltr'><strong>l.</strong></span> <span class='ocrx_word' id='word_1_106' title='bbox 394 2840 458 2897; x_wconf 75' lang='lat' dir='ltr'><strong>Quid</strong></span> <span class='ocrx_word' id='word_1_107' title='bbox 474 2839 653 2900; x_wconf 77' lang='lat' dir='ltr'><strong>Aristophanes</strong></span> <span class='ocrx_word' id='word_1_108' title='bbox 669 2843 716 2890; x_wconf 84' lang='lat' dir='ltr'><strong>hac</strong></span> <span class='ocrx_word' id='word_1_109' title='bbox 735 2842 766 2890; x_wconf 88' lang='lat' dir='ltr'><strong>de</strong></span> <span class='ocrx_word' id='word_1_110' title='bbox 782 2855 810 2890; x_wconf 90' lang='lat' dir='ltr'><strong>re</strong></span> <span class='ocrx_word' id='word_1_111' title='bbox 829 2842 933 2900; x_wconf 84' lang='lat' dir='ltr'><strong>dixerit,</strong></span> <span class='ocrx_word' id='word_1_112' title='bbox 950 2855 1005 2904; x_wconf 74' lang='lat' dir='ltr'><strong>pag.</strong></span> <span class='ocrx_word' id='word_1_113' title='bbox 1030 2841 1133 2891; x_wconf 77' lang='lat' dir='ltr'><strong>lt-ho.</strong></span> 
     </span>
     <span class='ocr_line' id='line_1_17' title="bbox 427 2928 1130 2994; baseline 0.004 -17"><span class='ocrx_word' id='word_1_114' title='bbox 427 2929 511 2978; x_wconf 84' lang='lat' dir='ltr'><strong>Pietas</strong></span> <span class='ocrx_word' id='word_1_115' title='bbox 519 2928 710 2978; x_wconf 84' lang='lat' dir='ltr'><strong>Atheniensium</strong></span> <span class='ocrx_word' id='word_1_116' title='bbox 719 2929 847 2992; x_wconf 87' lang='lat' dir='ltr'><strong>cujusnam</strong></span> <span class='ocrx_word' id='word_1_117' title='bbox 857 2937 922 2979; x_wconf 91' lang='lat' dir='ltr'><strong>esset</strong></span> <span class='ocrx_word' id='word_1_118' title='bbox 930 2928 1052 2992; x_wconf 86' lang='lat' dir='ltr'><strong>iasinaep.</strong></span> <span class='ocrx_word' id='word_1_119' title='bbox 1061 2931 1130 2994; x_wconf 80' lang='lat' dir='ltr'><strong>13sq.</strong></span> 
     </span>
     <span class='ocr_line' id='line_1_18' title="bbox 396 3018 1131 3084; baseline -0.003 -15"><span class='ocrx_word' id='word_1_120' title='bbox 396 3018 588 3082; x_wconf 74' lang='lat' dir='ltr'><strong>Aristophanem</strong></span> <span class='ocrx_word' id='word_1_121' title='bbox 608 3033 653 3067; x_wconf 89' lang='lat' dir='ltr'><strong>suo</strong></span> <span class='ocrx_word' id='word_1_122' title='bbox 668 3020 740 3068; x_wconf 90' lang='lat' dir='ltr'><strong>modo</strong></span> <span class='ocrx_word' id='word_1_123' title='bbox 764 3034 809 3082; x_wconf 89' lang='lat' dir='ltr'><strong>pro</strong></span> <span class='ocrx_word' id='word_1_124' title='bbox 825 3019 948 3082; x_wconf 87' lang='lat' dir='ltr'><strong>reiigione</strong></span> <span class='ocrx_word' id='word_1_125' title='bbox 959 3027 1064 3069; x_wconf 74' lang='lat' dir='ltr'><strong>cermsse</strong></span> <span class='ocrx_word' id='word_1_126' title='bbox 1075 3035 1131 3084; x_wconf 83' lang='lat' dir='ltr'><strong>pag.</strong></span> 
     </span>
     <span class='ocr_line' id='line_1_19' title="bbox 382 3091 1131 3171; baseline 0.001 -14"><span class='ocrx_word' id='word_1_127' title='bbox 382 3091 693 3171; x_wconf 64' lang='lat' dir='ltr'><strong>&#39;ttsqqhubiumtabuls</strong></span> <span class='ocrx_word' id='word_1_128' title='bbox 708 3122 757 3158; x_wconf 94' lang='lat' dir='ltr'><strong>nou</strong></span> <span class='ocrx_word' id='word_1_129' title='bbox 774 3109 847 3157; x_wconf 93' lang='lat' dir='ltr'><strong>modo</strong></span> <span class='ocrx_word' id='word_1_130' title='bbox 864 3108 990 3158; x_wconf 81' lang='lat' dir='ltr'><strong>Socratem</strong></span> <span class='ocrx_word' id='word_1_131' title='bbox 1006 3109 1131 3158; x_wconf 84' lang='lat' dir='ltr'><strong>sedetiam</strong></span> 
     </span>
     <span class='ocr_line' id='line_1_20' title="bbox 394 3198 800 3262; baseline -0.005 -14"><span class='ocrx_word' id='word_1_132' title='bbox 394 3198 539 3261; x_wconf 84' lang='lat' dir='ltr'><strong>Euripidem</strong></span> <span class='ocrx_word' id='word_1_133' title='bbox 556 3198 607 3262; x_wconf 89' lang='lat' dir='ltr'><strong>peti</strong></span> <span class='ocrx_word' id='word_1_134' title='bbox 622 3213 680 3262; x_wconf 84' lang='lat' dir='ltr'><strong>pag.</strong></span> <span class='ocrx_word' id='word_1_135' title='bbox 701 3200 730 3248; x_wconf 85' lang='grc'><strong>16</strong></span> <span class='ocrx_word' id='word_1_136' title='bbox 746 3213 800 3262; x_wconf 89' lang='lat' dir='ltr'><strong>sqq.</strong></span> 
     </span>
     <span class='ocr_line' id='line_1_21' title="bbox 314 3288 1076 3353; baseline 0.003 -15"><span class='ocrx_word' id='word_1_137' title='bbox 314 3290 369 3350; x_wconf 65' lang='lat'><strong>52.</strong></span> <span class='ocrx_word' id='word_1_138' title='bbox 394 3289 434 3336; x_wconf 87' lang='lat' dir='ltr'><strong>Au</strong></span> <span class='ocrx_word' id='word_1_139' title='bbox 446 3289 504 3350; x_wconf 87' lang='lat' dir='ltr'><strong>jure</strong></span> <span class='ocrx_word' id='word_1_140' title='bbox 519 3288 695 3350; x_wconf 69' lang='lat' dir='ltr'><strong>Aristophanes</strong></span> <span class='ocrx_word' id='word_1_141' title='bbox 711 3290 749 3340; x_wconf 89' lang='lat' dir='ltr'><strong>ita</strong></span> <span class='ocrx_word' id='word_1_142' title='bbox 766 3289 881 3350; x_wconf 82' lang='lat' dir='ltr'><strong>senserit,</strong></span> <span class='ocrx_word' id='word_1_143' title='bbox 898 3305 954 3353; x_wconf 84' lang='lat' dir='ltr'><strong>pag.</strong></span> <span class='ocrx_word' id='word_1_144' title='bbox 970 3291 1076 3342; x_wconf 77' lang='lat'>20-23.</span> 
     </span>
    </p>

    <p class='ocr_par' dir='ltr' id='par_1_9' title="bbox 392 3377 1131 3534">
     <span class='ocr_line' id='line_1_22' title="bbox 425 3377 1129 3444; baseline 0.003 -17"><span class='ocrx_word' id='word_1_145' title='bbox 425 3377 557 3441; x_wconf 89' lang='lat' dir='ltr'><strong>Euripides</strong></span> <span class='ocrx_word' id='word_1_146' title='bbox 573 3393 661 3428; x_wconf 87' lang='lat' dir='ltr'><strong>revera</strong></span> <span class='ocrx_word' id='word_1_147' title='bbox 676 3379 815 3429; x_wconf 86' lang='lat' dir='ltr'><strong>incredulus</strong></span> <span class='ocrx_word' id='word_1_148' title='bbox 836 3393 893 3444; x_wconf 84' lang='lat' dir='ltr'><strong>pag.</strong></span> <span class='ocrx_word' id='word_1_149' title='bbox 909 3381 954 3440; x_wconf 80' lang='lat'><strong>20;</strong></span> <span class='ocrx_word' id='word_1_150' title='bbox 971 3380 1071 3444; x_wconf 81' lang='lat' dir='ltr'><strong>mythos</strong></span> <span class='ocrx_word' id='word_1_151' title='bbox 1087 3396 1129 3429; x_wconf 86' lang='lat' dir='ltr'><strong>ex-</strong></span> 
     </span>
     <span class='ocr_line' id='line_1_23' title="bbox 392 3466 1131 3534; baseline 0.008 -20"><span class='ocrx_word' id='word_1_152' title='bbox 392 3466 497 3528; x_wconf 84' lang='lat' dir='ltr'><strong>plicabat</strong></span> <span class='ocrx_word' id='word_1_153' title='bbox 513 3482 545 3515; x_wconf 84' lang='lat' dir='ltr'><strong>ex</strong></span> <span class='ocrx_word' id='word_1_154' title='bbox 563 3466 663 3530; x_wconf 83' lang='lat' dir='ltr'><strong>physica</strong></span> <span class='ocrx_word' id='word_1_155' title='bbox 679 3483 736 3532; x_wconf 80' lang='lat' dir='ltr'><strong>pag.</strong></span> <span class='ocrx_word' id='word_1_156' title='bbox 753 3471 799 3528; x_wconf 82' lang='lat'><strong>21;</strong></span> <span class='ocrx_word' id='word_1_157' title='bbox 815 3471 920 3519; x_wconf 85' lang='lat' dir='ltr'><strong>caudore</strong></span> <span class='ocrx_word' id='word_1_158' title='bbox 937 3471 1037 3519; x_wconf 84' lang='lat' dir='ltr'><strong>carebat</strong></span> <span class='ocrx_word' id='word_1_159' title='bbox 1054 3486 1078 3534; x_wconf 89' lang='lat' dir='ltr'><strong>p.</strong></span> <span class='ocrx_word' id='word_1_160' title='bbox 1091 3472 1131 3520; x_wconf 87' lang='lat'><strong>22.</strong></span> 
     </span>
    </p>

    <p class='ocr_par' dir='ltr' id='par_1_10' title="bbox 313 3556 1130 3709">
     <span class='ocr_line' id='line_1_24' title="bbox 313 3556 1130 3621; baseline 0.005 -17"><span class='ocrx_word' id='word_1_161' title='bbox 313 3558 370 3618; x_wconf 71' lang='lat'><strong>§³-</strong></span> <span class='ocrx_word' id='word_1_162' title='bbox 393 3557 517 3612; x_wconf 70' lang='lat' dir='ltr'><strong>Quantum</strong></span> <span class='ocrx_word' id='word_1_163' title='bbox 543 3556 667 3617; x_wconf 82' lang='lat' dir='ltr'><strong>Euripidis</strong></span> <span class='ocrx_word' id='word_1_164' title='bbox 692 3559 806 3619; x_wconf 85' lang='lat' dir='ltr'><strong>impietas</strong></span> <span class='ocrx_word' id='word_1_165' title='bbox 831 3558 885 3621; x_wconf 87' lang='lat' dir='ltr'><strong>ejus</strong></span> <span class='ocrx_word' id='word_1_166' title='bbox 902 3560 1040 3620; x_wconf 76' lang='lat' dir='ltr'><strong>tragoediis</strong></span> <span class='ocrx_word' id='word_1_167' title='bbox 1056 3574 1130 3609; x_wconf 87' lang='lat' dir='ltr'><strong>nocu-</strong></span> 
     </span>
     <span class='ocr_line' id='line_1_25' title="bbox 394 3647 647 3709; baseline -0.004 -14"><span class='ocrx_word' id='word_1_168' title='bbox 394 3647 450 3707; x_wconf 81' lang='lat' dir='ltr'><strong>erit,</strong></span> <span class='ocrx_word' id='word_1_169' title='bbox 466 3660 524 3709; x_wconf 71' lang='lat' dir='ltr'><strong>pag.</strong></span> <span class='ocrx_word' id='word_1_170' title='bbox 541 3647 647 3696; x_wconf 76' lang='lat'><strong>23-33.</strong></span> 
     </span>
    </p>

    <p class='ocr_par' dir='ltr' id='par_1_11' title="bbox 391 3735 1132 4516">
     <span class='ocr_line' id='line_1_26' title="bbox 426 3735 1132 3801; baseline 0.003 -17"><span class='ocrx_word' id='word_1_171' title='bbox 426 3736 567 3798; x_wconf 80' lang='lat' dir='ltr'><strong>Tragoedia</strong></span> <span class='ocrx_word' id='word_1_172' title='bbox 590 3735 676 3785; x_wconf 87' lang='lat' dir='ltr'><strong>Attica</strong></span> <span class='ocrx_word' id='word_1_173' title='bbox 700 3751 757 3784; x_wconf 86' lang='lat' dir='ltr'><strong>cum</strong></span> <span class='ocrx_word' id='word_1_174' title='bbox 781 3736 903 3801; x_wconf 85' lang='lat' dir='ltr'><strong>reiigione</strong></span> <span class='ocrx_word' id='word_1_175' title='bbox 918 3749 986 3786; x_wconf 88' lang='lat' dir='ltr'><strong>arcte</strong></span> <span class='ocrx_word' id='word_1_176' title='bbox 1003 3736 1132 3800; x_wconf 80' lang='lat' dir='ltr'><strong>conjuncta</strong></span> 
     </span>
     <span class='ocr_line' id='line_1_27' title="bbox 393 3825 1131 3892; baseline 0.005 -18"><span class='ocrx_word' id='word_1_177' title='bbox 393 3839 450 3889; x_wconf 83' lang='lat' dir='ltr'><strong>pag.</strong></span> <span class='ocrx_word' id='word_1_178' title='bbox 458 3827 499 3874; x_wconf 84' lang='lat'><strong>23.</strong></span> <span class='ocrx_word' id='word_1_179' title='bbox 512 3825 623 3888; x_wconf 83' lang='lat' dir='ltr'><strong>Regniae</strong></span> <span class='ocrx_word' id='word_1_180' title='bbox 637 3827 812 3875; x_wconf 74' lang='lat' dir='ltr'><strong>Aristotelicas</strong></span> <span class='ocrx_word' id='word_1_181' title='bbox 824 3827 882 3876; x_wconf 90' lang='lat' dir='ltr'><strong>ibid.</strong></span> <span class='ocrx_word' id='word_1_182' title='bbox 900 3829 1023 3878; x_wconf 82' lang='lat' dir='ltr'><strong>Moralem</strong></span> <span class='ocrx_word' id='word_1_183' title='bbox 1035 3837 1131 3892; x_wconf 80' lang='lat' dir='ltr'><strong>tragoe-</strong></span> 
     </span>
     <span class='ocr_line' id='line_1_28' title="bbox 391 3915 1132 3981; baseline 0.001 -18"><span class='ocrx_word' id='word_1_184' title='bbox 391 3916 447 3964; x_wconf 88' lang='lat' dir='ltr'><strong>diae</strong></span> <span class='ocrx_word' id='word_1_185' title='bbox 464 3915 538 3964; x_wconf 83' lang='lat' dir='ltr'><strong>finem</strong></span> <span class='ocrx_word' id='word_1_186' title='bbox 553 3915 600 3962; x_wconf 92' lang='lat' dir='ltr'><strong>diis</strong></span> <span class='ocrx_word' id='word_1_187' title='bbox 616 3916 719 3964; x_wconf 89' lang='lat' dir='ltr'><strong>sublatis</strong></span> <span class='ocrx_word' id='word_1_188' title='bbox 735 3930 785 3964; x_wconf 93' lang='lat' dir='ltr'><strong>nou</strong></span> <span class='ocrx_word' id='word_1_189' title='bbox 802 3932 872 3980; x_wconf 88' lang='lat' dir='ltr'><strong>posse</strong></span> <span class='ocrx_word' id='word_1_190' title='bbox 889 3917 978 3981; x_wconf 81' lang='lat' dir='ltr'><strong>attingi</strong></span> <span class='ocrx_word' id='word_1_191' title='bbox 990 3918 1132 3980; x_wconf 75' lang='lat' dir='ltr'><strong>psg.2isq.</strong></span> 
     </span>
     <span class='ocr_line' id='line_1_29' title="bbox 394 4004 1130 4069; baseline -0.001 -15"><span class='ocrx_word' id='word_1_192' title='bbox 394 4004 537 4067; x_wconf 88' lang='lat' dir='ltr'><strong>Euripidem</strong></span> <span class='ocrx_word' id='word_1_193' title='bbox 561 4019 586 4053; x_wconf 88' lang='lat' dir='ltr'><strong>se</strong></span> <span class='ocrx_word' id='word_1_194' title='bbox 609 4005 656 4052; x_wconf 91' lang='lat' dir='ltr'><strong>diis</strong></span> <span class='ocrx_word' id='word_1_195' title='bbox 682 4006 782 4054; x_wconf 87' lang='lat' dir='ltr'><strong>credero</strong></span> <span class='ocrx_word' id='word_1_196' title='bbox 808 4005 935 4054; x_wconf 86' lang='lat' dir='ltr'><strong>simulasse</strong></span> <span class='ocrx_word' id='word_1_197' title='bbox 959 4020 1017 4068; x_wconf 85' lang='lat' dir='ltr'><strong>pag.</strong></span> <span class='ocrx_word' id='word_1_198' title='bbox 1033 4006 1066 4053; x_wconf 79' lang='lat' dir='ltr'><strong>tt</strong></span> <span class='ocrx_word' id='word_1_199' title='bbox 1083 4020 1130 4069; x_wconf 88' lang='lat' dir='ltr'><strong>sq.;</strong></span> 
     </span>
     <span class='ocr_line' id='line_1_30' title="bbox 393 4093 1131 4158; baseline 0.001 -16"><span class='ocrx_word' id='word_1_200' title='bbox 393 4094 517 4144; x_wconf 85' lang='lat' dir='ltr'><strong>interdum</strong></span> <span class='ocrx_word' id='word_1_201' title='bbox 546 4103 628 4142; x_wconf 86' lang='lat' dir='ltr'><strong>tamen</strong></span> <span class='ocrx_word' id='word_1_202' title='bbox 656 4094 792 4158; x_wconf 90' lang='lat' dir='ltr'><strong>prodidisse</strong></span> <span class='ocrx_word' id='word_1_203' title='bbox 822 4093 881 4157; x_wconf 89' lang='lat' dir='ltr'><strong>qnid</strong></span> <span class='ocrx_word' id='word_1_204' title='bbox 910 4109 998 4144; x_wconf 87' lang='lat' dir='ltr'><strong>revera</strong></span> <span class='ocrx_word' id='word_1_205' title='bbox 1027 4096 1131 4144; x_wconf 87' lang='lat' dir='ltr'><strong>sentiret</strong></span> 
     </span>
     <span class='ocr_line' id='line_1_31' title="bbox 392 4183 1132 4248; baseline 0.001 -15"><span class='ocrx_word' id='word_1_206' title='bbox 392 4201 449 4248; x_wconf 85' lang='lat' dir='ltr'><strong>pag.</strong></span> <span class='ocrx_word' id='word_1_207' title='bbox 465 4186 498 4233; x_wconf 81' lang='lat'><strong>26</strong></span> <span class='ocrx_word' id='word_1_208' title='bbox 513 4198 566 4247; x_wconf 90' lang='lat' dir='ltr'><strong>sqq.</strong></span> <span class='ocrx_word' id='word_1_209' title='bbox 584 4183 640 4233; x_wconf 94' lang='lat' dir='ltr'><strong>Diis</strong></span> <span class='ocrx_word' id='word_1_210' title='bbox 656 4183 682 4231; x_wconf 91' lang='lat' dir='ltr'><strong>in</strong></span> <span class='ocrx_word' id='word_1_211' title='bbox 698 4185 808 4232; x_wconf 85' lang='lat' dir='ltr'><strong>dramate</strong></span> <span class='ocrx_word' id='word_1_212' title='bbox 824 4185 926 4233; x_wconf 88' lang='lat' dir='ltr'><strong>nimium</strong></span> <span class='ocrx_word' id='word_1_213' title='bbox 945 4184 1027 4234; x_wconf 89' lang='lat' dir='ltr'><strong>locum</strong></span> <span class='ocrx_word' id='word_1_214' title='bbox 1043 4185 1132 4234; x_wconf 86' lang='lat' dir='ltr'><strong>tribuit</strong></span> 
     </span>
     <span class='ocr_line' id='line_1_32' title="bbox 393 4271 1129 4337; baseline 0 -15"><span class='ocrx_word' id='word_1_215' title='bbox 393 4288 451 4337; x_wconf 85' lang='lat' dir='ltr'><strong>pag.</strong></span> <span class='ocrx_word' id='word_1_216' title='bbox 468 4275 510 4331; x_wconf 83' lang='lat'><strong>29,</strong></span> <span class='ocrx_word' id='word_1_217' title='bbox 526 4272 590 4336; x_wconf 85' lang='lat' dir='ltr'><strong>quod</strong></span> <span class='ocrx_word' id='word_1_218' title='bbox 606 4272 723 4335; x_wconf 88' lang='lat' dir='ltr'><strong>probator</strong></span> <span class='ocrx_word' id='word_1_219' title='bbox 740 4287 772 4320; x_wconf 83' lang='lat' dir='ltr'><strong>ex</strong></span> <span class='ocrx_word' id='word_1_220' title='bbox 791 4271 879 4322; x_wconf 85' lang='lat' dir='ltr'><strong>Oreste</strong></span> <span class='ocrx_word' id='word_1_221' title='bbox 895 4287 951 4336; x_wconf 78' lang='lat' dir='ltr'><strong>pag.</strong></span> <span class='ocrx_word' id='word_1_222' title='bbox 968 4273 1009 4328; x_wconf 79' lang='lat'><strong>30,</strong></span> <span class='ocrx_word' id='word_1_223' title='bbox 1027 4286 1059 4322; x_wconf 84' lang='lat' dir='ltr'><strong>ex</strong></span> <span class='ocrx_word' id='word_1_224' title='bbox 1073 4273 1129 4322; x_wconf 87' lang='lat' dir='ltr'><strong>Eie-</strong></span> 
     </span>
     <span class='ocr_line' id='line_1_33' title="bbox 394 4362 1131 4426; baseline 0 -14"><span class='ocrx_word' id='word_1_225' title='bbox 394 4373 446 4412; x_wconf 84' lang='lat' dir='ltr'><strong>etra</strong></span> <span class='ocrx_word' id='word_1_226' title='bbox 469 4378 526 4426; x_wconf 81' lang='lat' dir='ltr'><strong>pag.</strong></span> <span class='ocrx_word' id='word_1_227' title='bbox 554 4365 594 4420; x_wconf 80' lang='lat' dir='ltr'><strong>sl,</strong></span> <span class='ocrx_word' id='word_1_228' title='bbox 618 4370 644 4411; x_wconf 89' lang='lat' dir='ltr'><strong>et</strong></span> <span class='ocrx_word' id='word_1_229' title='bbox 664 4376 698 4411; x_wconf 87' lang='lat' dir='ltr'><strong>ex</strong></span> <span class='ocrx_word' id='word_1_230' title='bbox 715 4362 891 4412; x_wconf 84' lang='lat' dir='ltr'><strong>Andromache</strong></span> <span class='ocrx_word' id='word_1_231' title='bbox 908 4377 965 4426; x_wconf 86' lang='lat' dir='ltr'><strong>pag.</strong></span> <span class='ocrx_word' id='word_1_232' title='bbox 981 4364 1021 4412; x_wconf 82' lang='lat'><strong>32.</strong></span> <span class='ocrx_word' id='word_1_233' title='bbox 1038 4363 1131 4412; x_wconf 86' lang='lat' dir='ltr'><strong>Divina</strong></span> 
     </span>
     <span class='ocr_line' id='line_1_34' title="bbox 394 4452 1043 4516; baseline 0 -16"><span class='ocrx_word' id='word_1_234' title='bbox 394 4452 574 4515; x_wconf 84' lang='lat' dir='ltr'><strong>omnipotentia</strong></span> <span class='ocrx_word' id='word_1_235' title='bbox 589 4459 615 4502; x_wconf 90' lang='lat' dir='ltr'><strong>et</strong></span> <span class='ocrx_word' id='word_1_236' title='bbox 630 4452 759 4502; x_wconf 89' lang='lat' dir='ltr'><strong>homiuum</strong></span> <span class='ocrx_word' id='word_1_237' title='bbox 774 4452 876 4502; x_wconf 78' lang='lat' dir='ltr'><strong>libertas</strong></span> <span class='ocrx_word' id='word_1_238' title='bbox 893 4467 950 4516; x_wconf 76' lang='lat' dir='ltr'><strong>pag.</strong></span> <span class='ocrx_word' id='word_1_239' title='bbox 967 4455 1000 4501; x_wconf 78' lang='lat'><strong>32</strong></span> <span class='ocrx_word' id='word_1_240' title='bbox 1016 4469 1043 4515; x_wconf 86' lang='lat' dir='ltr'><strong>sq</strong></span> 
     </span>
    </p>
   </div>
   <div class='ocr_carea' id='block_1_8' title="bbox 0 0 1594 5196">
    <p class='ocr_par' dir='ltr' id='par_1_12' title="bbox 0 0 1594 5196">
     <span class='ocr_line' id='line_1_35' title="bbox 0 0 1594 5196; baseline 0 0"><span class='ocrx_word' id='word_1_241' title='bbox 0 0 1594 5196; x_wconf 95' lang='lat' dir='ltr'><strong> </strong></span> 
     </span>
    </p>
   </div>
  </div>
 </body>
</html>
