3180 5196
782 349 844 411 108

397 531 536 598 σκολίων
558 531 723 608 Μελήτου,
747 536 891 619 Καρικῶν
912 530 1115 615 αὐλημάτων,

397 636 538 722 θρήνων,
561 640 711 723 χορείων·
733 639 817 724 τάχα
838 633 869 702 δὲ
892 634 1115 714 δηλωθήσεται.

396 742 548 824 ἐνεγκάτω
569 767 618 815 τις
638 743 674 805 τὸ
694 739 818 828 λύριον·
840 745 937 807 καίτοι
957 747 989 806 τί
1009 740 1054 808 δεῖ

396 841 498 931 λΰρας
519 842 568 908 ἐπὶ
589 850 720 918 referem
742 852 804 909 ποῦ
826 844 907 909 ’στιν
928 847 947 921 ἡ
969 855 1037 921 τοῖς
1058 849 1225 934 ὀστράκοις

397 949 474 1024 αὕτη
495 955 667 1035 κροτοῦσα;
691 947 784 1038 δεῦρο
807 949 910 1015 Μοῦσ’
932 949 1119 1038 Εὐριπίδου,

396 1054 478 1140 πρὸς
499 1051 596 1139 ἥνπερ
618 1047 769 1128 ἐπιτήδεια
788 1053 873 1119 ταῦτ’
894 1051 979 1140 ᾅδειν
998 1054 1077 1134 μέλη
1089 1057 1110 1112 ¹·

322 1157 393 1223 Hoc
428 1157 531 1243 igitur
561 1163 657 1223 utons
699 1158 938 1242 instrumento,
974 1161 1095 1246 quippe
1129 1161 1216 1247 quod
1246 1163 1354 1248 magis

276 1270 396 1336 faceret
425 1270 467 1336 ad
499 1271 644 1335 carmina
675 1270 854 1356 Euripides
874 1293 972 1358 quam
998 1272 1069 1356 lyra
1094 1279 1241 1356 austera,
1270 1297 1355 1361 quae

277 1381 462 1468 designavit
492 1361 574 1446 vitia
600 1389 821 1467 repraesentat
854 1381 889 1449 in
921 1383 1059 1450 ridicula
1085 1386 1266 1470 cantilena,
1290 1409 1356 1473 qua

277 1493 451 1560 adversarii
468 1495 546 1574 μέλη
566 1496 745 1560 imitatura
773 1495 863 1576 Quae
875 1497 922 1561 ibi
932 1497 1153 1582 exploduntur
1167 1498 1246 1564 haec
1257 1506 1352 1564 suut:

277 1606 430 1672 dictionis
465 1607 612 1692 quaesita
645 1608 849 1692 sublimitas,
891 1630 957 1695 qua
989 1629 1040 1676 res
1073 1610 1223 1696 vulgares
1257 1633 1354 1697 saepe

252 1805 256 1812 .
277 1719 402 1786 tumide
422 1726 455 1784 et
477 1720 612 1786 obscure
632 1721 848 1812 enuncientur
874 1721 931 1807 (de
954 1744 1019 1808 qua
1042 1744 1096 1806 re,
1117 1721 1152 1788 in
1177 1723 1236 1790 IV⁰
1253 1724 1353 1810 hujus

277 1831 465 1918 speciminis
496 1832 611 1918 Capite
637 1834 708 1919 jam
730 1841 868 1900 tractata
887 1857 962 1921 pag.
992 1839 1033 1901 54
1059 1858 1128 1923 sqq.
1140 1886 1149 1921 ,
1174 1859 1261 1903 nunc
1285 1859 1353 1904 non

277 1968 359 2031 opus
390 1952 441 2011 est
471 1946 588 2011 iterum
611 1947 753 2034 dicere),
784 1955 819 2013 et
840 1970 1047 2014 numerorum
1070 1951 1173 2016 nimia
1195 1952 1352 2036 varietas,

277 2059 382 2145 magis
413 2058 606 2126 effeminatis
642 2061 693 2125 vel
730 2061 919 2128 meretriciis
955 2083 1052 2148 quam
1086 2065 1184 2132 castis
1219 2064 1374 2131 auribus·

277 2181 354 2260 apta
367 2175 390 2238 ³.
422 2174 591 2239 Praeterea
612 2174 838 2260 improbantur
860 2196 962 2241 novae
988 2176 1130 2242 musicae
1155 2177 1352 2243 modulatio-

278 2311 348 2372 nes,
370 2289 479 2374 plures
504 2306 600 2352 sonos
628 2285 822 2352 conferentis
846 2287 880 2351 iu
904 2309 1004 2352 unam
1028 2288 1188 2372 syllabam
1202 2294 1225 2355 ⁴.
1298 2301 1300 2304 ’
1372 2295 1377 2303 ’

322 2401 415 2482 Quod
437 2402 556 2466 attinet
582 2400 623 2464 ad
650 2399 772 2464 crimen
795 2421 1002 2465 numerorum
1026 2402 1086 2467 ἀνὰ
1112 2407 1149 2466 τὸ
1181 2399 1353 2486 δωδεκαμή-

277 2543 380 2603 χανον
410 2514 683 2599 compositorum,
715 2511 769 2577 hic
800 2512 866 2578 fere
898 2514 1010 2579 eadem
1042 2516 1148 2600 possis
1183 2517 1352 2582 observare

277 2650 358 2713 quae
392 2627 427 2690 in
467 2627 600 2691 caeteris
635 2625 803 2710 Euripidis
841 2627 930 2692 vitiis
962 2628 1163 2712 explicandis
1198 2631 1349 2696 vidimus.

279 2741 410 2808 Scilicet
442 2741 476 2805 in
512 2749 614 2804 metro
650 2761 795 2826 quoque,
834 2749 978 2806 veterum
1014 2742 1125 2828 legum
1157 2743 1352 2830 impatiens,

310 3018 318 3048 ¹
335 3019 366 3067 In
392 3016 487 3066 ultimis
511 3017 623 3066 versibus
644 3016 773 3081 respicitur
790 3016 857 3066 locus
874 3018 1023 3081 Euripideee
1040 3019 1194 3083 Hypsipyles
1211 3034 1258 3069 sec.
1276 3019 1353 3069 schol.

277 3107 443 3158 “conseratur
459 3105 543 3156 Photii
558 3107 626 3155 locus
643 3121 698 3170 pag,
719 3108 778 3166 180,
798 3107 837 3166 12,
852 3107 918 3156 unde
936 3107 1064 3170 probabile
1080 3106 1112 3156 fit
1125 3109 1283 3173 Hypsipylen
1299 3123 1352 3160 cro

276 3197 399 3268 “telorum
420 3211 492 3248 sonos
512 3209 569 3244 cum
586 3203 662 3246 cantu
679 3196 871 3260 conjungentem
889 3195 967 3246 fuisse
983 3197 1173 3248 introductem’·
1198 3198 1353 3261 Wagnerus,

277 3286 320 3349 qui
335 3284 486 3335 Fritschium
503 3284 619 3348 sequitur.
635 3284 740 3335 candus
753 3285 892 3334 Nauckius:
911 3285 1060 3349 “Euripides
1071 3287 1130 3348 quid
1143 3286 1259 3336 dixerite
1269 3287 1353 3336 Photii

277 3378 331 3426 loco
347 3390 397 3425 non
414 3375 472 3424 setis
488 3375 614 3439 apparet'·
647 3375 758 3438 (rragm.
776 3377 836 3428 Eur.
853 3376 903 3428 769
919 3376 1007 3440 Dino),

310 3464 321 3498 ²
336 3467 383 3516 Vs.
403 3467 466 3516 1309
481 3480 544 3528 sqq.;
562 3464 691 3513 videantur
708 3479 770 3528 quae
786 3467 817 3514 de
833 3463 881 3513 hoc
896 3465 991 3514 caudeo
1008 3464 1073 3514 iufra
1088 3466 1201 3513 dicentur
1222 3464 1248 3512 in
1269 3479 1352 3514 recen-

277 3557 346 3606 sione
362 3555 473 3604 locorum
490 3555 531 3602 ubi
547 3555 731 3618 Aristophanes
745 3554 890 3616 joculariter
907 3556 1052 3619 Euripidem
1068 3557 1178 3604 imitatus
1195 3563 1239 3604 est.

310 3643 395 3693 'bat
412 3646 440 3694 rb
457 3643 669 3708 δωδεκαμήχανον
686 3644 804 3709 Κυρήνης
819 3647 963 3709 μελοποιῶν
973 3660 1010 3694 vs.
1030 3645 1100 3694 1328.
1116 3644 1259 3694 Vid.sohol.
1271 3645 1352 3694 Simul

278 3734 318 3783 hic
335 3732 499 3796 Euripideum
516 3747 548 3782 ex
564 3734 705 3798 Hypsipyle
721 3749 823 3796 versum
839 3734 951 3782 imitatur
967 3734 1117 3798 Aeschylus.
1146 3735 1278 3783 Praeterea
1288 3734 1353 3783 conf.

278 3838 314 3872 vs
333 3823 403 3881 laos,
420 3823 462 3870 ubi
477 3831 550 3886 poeta
566 3825 702 3886 procaciter
719 3825 799 3872 innuit
817 3823 945 3887 Euripidis
961 3824 1061 3872 Musam
1078 3822 1259 3887 αἰσχροποιεῖν.

311 3912 380 3973 Quae
396 3913 422 3960 in
439 3913 581 3974 Agathonis
598 3913 727 3963 mollitiem
744 3913 880 3976 asperrime
895 3912 1010 3961 dicuntur
1027 3912 1097 3960 initio
1113 3902 1353 3982 Thesmophoriaau·

278 4017 369 4060 sarum,
386 4002 435 4051 huc
451 4003 525 4051 etiam
542 4003 674 4066 pertinent.
696 4005 763 4052 Nem
779 4004 822 4052 ille
838 4011 911 4065 poeta
927 4003 1036 4066 tragicus
1053 4001 1193 4049 simillimus
1209 4009 1264 4050 eret
1279 4003 1353 4050 Euri·

277 4093 354 4157 pidis‚
375 4107 452 4156 neque
473 4093 547 4142 aliam
568 4094 595 4142 iu
617 4093 735 4143 dmmatis
752 4093 869 4142 faciendis
885 4093 951 4141 riam
969 4091 1052 4142 inibat,
1085 4091 1233 4155 Thesmoph.
1251 4106 1287 4140 vs.
1305 4094 1354 4144 187

278 4182 410 4246 Euripides
426 4182 456 4232 de
473 4197 503 4232 eo
520 4184 589 4233 dicit:

568 4280 646 4337 μόνος
663 4277 712 4338 γὰρ
729 4274 762 4322 ἂν
779 4273 873 4330 litetur)
890 4271 967 4328 ἀξίως
985 4271 1052 4336 ἐμοῦ.

311 4360 322 4392 ⁴
338 4359 382 4408 Ad
398 4359 461 4408 hanc
477 4361 611 4412 novitatem
628 4364 756 4412 ridendam
773 4360 973 4424 conglutinatum
991 4369 1028 4408 est
1048 4361 1107 4410 illud
1129 4367 1265 4412 monstrum
1282 4373 1355 4408 voca·

279 4448 344 4498 buli:
362 4447 597 4510 detruncationem,
614 4465 651 4500 vs.
671 4453 746 4510 lem
763 4451 794 4500 of.
812 4451 886 4500 etiem
904 4464 940 4498 vs.
961 4450 1031 4499 1348.
