3154 5198
248 1290 372 1356 Morem
395 1289 681 1357 dissertationibus
705 1289 875 1375 praefandi
899 1291 1045 1358 nondum
1069 1293 1149 1360 adeo
1173 1291 1206 1358 in
1223 1293 1280 1360 de-

202 1404 409 1470 suetudinem
434 1404 553 1470 abiisse
575 1425 656 1485 reor,
682 1401 761 1487 quin
785 1403 867 1468 mihi
889 1403 986 1469 liceat
1018 1404 1157 1491 paucula
1184 1407 1282 1472 verba

200 1517 351 1603 proloqui
383 1524 511 1604 gratam
547 1517 705 1586 testantia
732 1525 877 1582 mentem
909 1539 987 1604 erga
1009 1539 1064 1584 eos
1088 1519 1144 1606 qui
1168 1520 1201 1584 in
1229 1542 1281 1585 me

201 1630 405 1697 instituendo
437 1631 667 1718 impenderunt
697 1651 836 1715 operam.
887 1631 977 1697 Inter
1003 1652 1084 1717 quos
1108 1652 1174 1696 non
1198 1637 1281 1697 tern-

203 1743 290 1828 poris
325 1751 455 1810 tantum
489 1743 601 1810 ordine
636 1743 761 1829 primus
793 1743 883 1808 locus
915 1743 1050 1810 debetur
1079 1745 1165 1830 patri
1188 1765 1289 1827 meo,

204 1878 301 1942 quem
325 1879 427 1943 nsque
451 1857 492 1922 ad
510 1856 620 1922 studia
640 1856 824 1922 academica
838 1855 938 1921 habui
951 1862 1191 1942 praeceptorem
1208 1856 1281 1923 uui-

202 1991 297 2052 cum,
327 1971 490 2054 adderem,
516 1976 549 2036 et
572 1969 746 2056 optimum,
771 1969 836 2036 nisi
860 1969 976 2035 scirem
999 1976 1158 2055 quantum
1178 1969 1283 2036 oderit

204 2084 359 2149 encomia.
393 2083 434 2146 ln
459 2065 628 2148 Athenaeo
651 2083 970 2152 Amstelaedamensi
992 2086 1175 2172 complures
1202 2087 1281 2152 Pro·

203 2196 340 2260 sessores
356 2194 484 2272 audivi,
510 2194 628 2281 quibus
653 2219 808 2283 magnam
831 2202 973 2284 gratiam
998 2200 1100 2265 habeo
1124 2206 1158 2266 et
1180 2223 1282 2288 usquc

202 2307 335 2374 habebo.
375 2307 462 2373 Bene
486 2308 573 2372 nosti
597 2330 649 2374 me
672 2309 756 2375 illud
779 2309 930 2398 inprimis
954 2312 1060 2378 dicere
1083 2312 1123 2378 de
1143 2314 1197 2398 Tc,
1222 2314 1283 2378 Vir

203 2421 289 2486 Olar.
317 2420 419 2503 Boor,
445 2420 537 2505 cujus
560 2422 766 2508 frequentare
790 2425 917 2491 scholas
939 2427 1048 2492 nescio
1073 2425 1156 2490 mihi
1167 2427 1282 2493 utilius

203 2559 244 2601 an
274 2533 452 2621 jucundius
484 2535 591 2601 fuerit.
644 2536 721 2603 Sine
750 2560 803 2604 mo
832 2537 1029 2605 nominatim
1057 2537 1129 2602 'libi
1157 2519 1281 2624 gratias

203 2671 318 2734 agere,
350 2656 384 2715 at
411 2671 509 2735 perge
533 2648 607 2732 diu,
634 2671 832 2737 quamquam
859 2673 946 2717 nunc
978 2634 1124 2717 muneris
1147 2673 1282 2737 expers,

204 2769 275 2826 turn
299 2762 392 2828 bonis
414 2761 517 2828 literis
541 2761 649 2828 favere
669 2768 741 2828 tum
758 2763 799 2828 iis
815 2764 934 2849 quibus
946 2762 1088 2850 contigit
1100 2764 1166 2830 tuis
1181 2765 1283 2832 fuisse

203 2875 383 2960 discipulis.
431 2875 569 2942 Memori
595 2876 696 2941 etiam
719 2877 830 2942 animo
853 2898 982 2962 semper
1005 2876 1195 2943 reminiscar
1209 2877 1283 2942 Viri

204 2988 289 3054 Glar.
315 2989 347 3056 J.
374 2989 551 3072 Trnnunu,
580 2989 655 3075 qui,
675 2996 715 3054 ut
737 2989 902 3076 quondam
932 2995 1059 3076 patrem
1082 3010 1211 3075 meum,
1236 2993 1283 3058 sic

203 3104 314 3168 oblata
336 3104 503 3169 occasione
526 3125 578 3169 me
602 3125 730 3191 quoque
751 3103 898 3170 consiliis
911 3102 1099 3188 auxilioque
1110 3102 1283 3170 efficaciter

203 3215 340 3301 adjuvit.

249 3331 388 3413 Laidos,
425 3351 516 3396 secus
546 3353 582 3396 ac
613 3330 695 3396 milri
722 3351 973 3417 proposueram,
997 3329 1164 3417 paulisper
1187 3329 1284 3395 modo

203 3450 421 3511 commoratus
444 3466 538 3529 sum,
563 3466 622 3511 nec
645 3451 757 3511 tamen
780 3445 851 3511 sine
868 3446 986 3512 fructu.
1011 3447 1043 3510 A
1059 3443 1181 3510 talibus
1196 3444 1282 3510 enirn

203 3557 463 3646 praeceptoribus
497 3557 608 3644 quales
633 3557 680 3623 ibi
702 3557 814 3625 inveni
838 3559 889 3625 vel
913 3559 1002 3625 brevi
1026 3565 1172 3644 tempore
1197 3557 1283 3623 mul-

204 3681 276 3740 tum
296 3672 418 3740 discere
440 3672 527 3738 licet.
577 3671 722 3754 Quorum
746 3674 774 3739 si
800 3674 935 3739 nomina
956 3673 1009 3739 hic
1032 3693 1283 3740 commemorare

204 3787 409 3873 supersedeo,
434 3793 468 3852 at
490 3785 615 3872 pectori
637 3808 710 3854 meo
735 3809 862 3873 semper
885 3787 987 3852 infixa
1012 3787 1201 3853 manebunt.
1227 3784 1281 3865 Te,

203 3900 377 3967 reverende
400 3900 581 3984 Promotor,
608 3900 669 3966 Vir
692 3900 777 3966 Olar.
805 3901 927 3985 Coum,
955 3907 1154 3987 quantopere
1175 3897 1282 3983 suspi-

204 4014 289 4080 ciam
321 4012 490 4099 colamque
522 4013 627 4078 dicere
651 4012 730 4099 quid
754 4013 892 4087 attinet,
920 4035 1021 4100 quum
1045 4013 1127 4079 meis
1151 4032 1282 4097 praeco-

205 4125 270 4192 niis
303 4125 439 4193 minime
471 4126 622 4212 gentium
653 4125 801 4212 indigeas
825 4133 858 4192 et
879 4148 989 4192 meum
1013 4127 1048 4191 in
1069 4127 1112 4192 Te
1135 4124 1283 4194 animum

205 4262 270 4304 non
294 4239 445 4324 ignores?
479 4239 551 4324 Ego
575 4261 651 4305 vero
675 4238 703 4305 si
728 4239 806 4324 quid
828 4260 973 4326 unquam
999 4239 1034 4303 in
1055 4239 1160 4306 literis
1184 4237 1282 4323 profi-

205 4351 306 4434 ciam,
333 4351 367 4417 id
389 4374 509 4438 magna
532 4375 572 4416 ex
595 4360 687 4438 parte
711 4351 782 4416 Tibi
805 4362 973 4437 acceptum
993 4351 1281 4437 eritreferendum,

206 4477 243 4530 ut
267 4466 322 4551 qui
346 4465 516 4555 discipulis
541 4487 606 4531 non
626 4465 723 4531 modo
740 4464 947 4551 antiquitatis
964 4486 1105 4530 amorem
1122 4465 1282 4532 instillare
