<?xml version="1.0" encoding="UTF-8"?>
<!DOCTYPE html PUBLIC "-//W3C//DTD XHTML 1.0 Transitional//EN"
    "http://www.w3.org/TR/xhtml1/DTD/xhtml1-transitional.dtd">
<html xmlns="http://www.w3.org/1999/xhtml" xml:lang="en" lang="en">
 <head>
  <title>
</title>
<meta http-equiv="Content-Type" content="text/html;charset=utf-8" />
  <meta name='ocr-system' content='tesseract 3.04.00' />
  <meta name='ocr-capabilities' content='ocr_page ocr_carea ocr_par ocr_line ocrx_word'/>
</head>
<body>
  <div class='ocr_page' id='page_1' title='image "./specimenliterar02leeugoog_0063.png"; bbox 0 0 3154 5198; ppageno 0'>
   <div class='ocr_carea' id='block_1_1' title="bbox 818 370 859 430">
    <p class='ocr_par' dir='ltr' id='par_1_1' title="bbox 818 370 859 430">
     <span class='ocr_line' id='line_1_1' title="bbox 818 370 859 430; baseline 0 0"><span class='ocrx_word' id='word_1_1' title='bbox 818 370 859 430; x_wconf 78' lang='grc'>48</span> 
     </span>
    </p>
   </div>
   <div class='ocr_carea' id='block_1_2' title="bbox 438 603 1245 688">
    <p class='ocr_par' dir='ltr' id='par_1_2' title="bbox 438 603 1245 688">
     <span class='ocr_line' id='line_1_2' title="bbox 438 603 1245 688; baseline -0.002 -18"><span class='ocrx_word' id='word_1_2' title='bbox 438 603 452 688; x_wconf 72' lang='grc' dir='ltr'><strong>ξ</strong></span> <span class='ocrx_word' id='word_1_3' title='bbox 481 609 509 670; x_wconf 91' lang='grc'>3.</span> <span class='ocrx_word' id='word_1_4' title='bbox 558 605 611 672; x_wconf 87' lang='lat' dir='ltr'>De</span> <span class='ocrx_word' id='word_1_5' title='bbox 631 608 759 672; x_wconf 86' lang='lat' dir='ltr'>erimine</span> <span class='ocrx_word' id='word_1_6' title='bbox 782 609 967 670; x_wconf 79' lang='lat' dir='ltr'>inuentionis</span> <span class='ocrx_word' id='word_1_7' title='bbox 990 609 1083 672; x_wconf 82' lang='lat' dir='ltr'>nimie</span> <span class='ocrx_word' id='word_1_8' title='bbox 1104 605 1245 671; x_wconf 79' lang='lat' dir='ltr'><em>callidae.</em></span> 
     </span>
    </p>
   </div>
   <div class='ocr_carea' id='block_1_3' title="bbox 303 781 1380 2112">
    <p class='ocr_par' dir='ltr' id='par_1_3' title="bbox 303 781 1380 2112">
     <span class='ocr_line' id='line_1_3' title="bbox 349 781 1379 866; baseline -0.005 -17"><span class='ocrx_word' id='word_1_9' title='bbox 349 785 494 850; x_wconf 88' lang='lat' dir='ltr'>Alterius</span> <span class='ocrx_word' id='word_1_10' title='bbox 529 783 615 866; x_wconf 84' lang='lat' dir='ltr'>vitii,</span> <span class='ocrx_word' id='word_1_11' title='bbox 645 787 738 848; x_wconf 77' lang='lat' dir='ltr'>nimia</span> <span class='ocrx_word' id='word_1_12' title='bbox 767 781 901 848; x_wconf 75' lang='lat' dir='ltr'><em>callidae</em></span> <span class='ocrx_word' id='word_1_13' title='bbox 933 787 1136 866; x_wconf 81' lang='lat' dir='ltr'>inuentionis,</span> <span class='ocrx_word' id='word_1_14' title='bbox 1165 781 1313 866; x_wconf 86' lang='lat' dir='ltr'>exempla</span> <span class='ocrx_word' id='word_1_15' title='bbox 1336 804 1379 845; x_wconf 82' lang='lat' dir='ltr'>ex</span> 
     </span>
     <span class='ocr_line' id='line_1_4' title="bbox 304 894 1380 983; baseline -0.004 -21"><span class='ocrx_word' id='word_1_16' title='bbox 304 896 461 983; x_wconf 84' lang='lat' dir='ltr'>Euripide</span> <span class='ocrx_word' id='word_1_17' title='bbox 483 895 595 960; x_wconf 87' lang='lat' dir='ltr'>afferre</span> <span class='ocrx_word' id='word_1_18' title='bbox 618 916 682 960; x_wconf 92' lang='lat' dir='ltr'>non</span> <span class='ocrx_word' id='word_1_19' title='bbox 706 894 840 959; x_wconf 89' lang='lat' dir='ltr'>difficile</span> <span class='ocrx_word' id='word_1_20' title='bbox 864 900 921 960; x_wconf 92' lang='lat' dir='ltr'>est.</span> <span class='ocrx_word' id='word_1_21' title='bbox 948 895 1022 960; x_wconf 90' lang='lat' dir='ltr'>Huc</span> <span class='ocrx_word' id='word_1_22' title='bbox 1042 897 1184 981; x_wconf 79' lang='lat' dir='ltr'><strong>pertinet</strong></span> <span class='ocrx_word' id='word_1_23' title='bbox 1204 917 1255 959; x_wconf 91' lang='lat' dir='ltr'>me</span> <span class='ocrx_word' id='word_1_24' title='bbox 1266 894 1380 980; x_wconf 90' lang='lat' dir='ltr'>judice</span> 
     </span>
     <span class='ocr_line' id='line_1_5' title="bbox 304 1005 1377 1094; baseline -0.003 -19"><span class='ocrx_word' id='word_1_25' title='bbox 304 1012 387 1077; x_wconf 89' lang='lat' dir='ltr'>illud</span> <span class='ocrx_word' id='word_1_26' title='bbox 406 1011 552 1076; x_wconf 82' lang='lat' dir='ltr'>Helenae</span> <span class='ocrx_word' id='word_1_27' title='bbox 576 1005 708 1075; x_wconf 77' lang='grc' dir='ltr'>εἴδωλον</span> <span class='ocrx_word' id='word_1_28' title='bbox 731 1029 771 1074; x_wconf 81' lang='lat' dir='ltr'>ee</span> <span class='ocrx_word' id='word_1_29' title='bbox 782 1008 904 1073; x_wconf 77' lang='lat' dir='ltr'>aethere</span> <span class='ocrx_word' id='word_1_30' title='bbox 916 1008 1100 1074; x_wconf 87' lang='lat' dir='ltr'>confectum</span> <span class='ocrx_word' id='word_1_31' title='bbox 1113 1009 1135 1093; x_wconf 86' lang='lat'>¹,</span> <span class='ocrx_word' id='word_1_32' title='bbox 1154 1009 1377 1094; x_wconf 87' lang='lat' dir='ltr'>(aliquatenus</span> 
     </span>
     <span class='ocr_line' id='line_1_6' title="bbox 306 1119 1376 1208; baseline -0.003 -19"><span class='ocrx_word' id='word_1_33' title='bbox 306 1123 517 1208; x_wconf 81' lang='lat' dir='ltr'>Euripideum</span> <span class='ocrx_word' id='word_1_34' title='bbox 549 1122 735 1203; x_wconf 85' lang='lat' dir='ltr'>inventum,</span> <span class='ocrx_word' id='word_1_35' title='bbox 768 1119 830 1185; x_wconf 89' lang='lat' dir='ltr'>etsi</span> <span class='ocrx_word' id='word_1_36' title='bbox 863 1119 1066 1187; x_wconf 80' lang='lat' dir='ltr'>Stesichorus</span> <span class='ocrx_word' id='word_1_37' title='bbox 1095 1123 1221 1206; x_wconf 90' lang='lat' dir='ltr'>primus</span> <span class='ocrx_word' id='word_1_38' title='bbox 1244 1121 1376 1206; x_wconf 85' lang='lat' dir='ltr'>excogi-</span> 
     </span>
     <span class='ocr_line' id='line_1_7' title="bbox 304 1233 1379 1323; baseline -0.005 -20"><span class='ocrx_word' id='word_1_39' title='bbox 304 1238 388 1322; x_wconf 82' lang='lat' dir='ltr'>tavit</span> <span class='ocrx_word' id='word_1_40' title='bbox 400 1237 442 1323; x_wconf 73' lang='lat'>²),</span> <span class='ocrx_word' id='word_1_41' title='bbox 472 1233 558 1320; x_wconf 94' lang='lat' dir='ltr'>quod</span> <span class='ocrx_word' id='word_1_42' title='bbox 581 1233 672 1297; x_wconf 89' lang='lat' dir='ltr'>Paris</span> <span class='ocrx_word' id='word_1_43' title='bbox 697 1255 806 1298; x_wconf 87' lang='lat' dir='ltr'>seeum</span> <span class='ocrx_word' id='word_1_44' title='bbox 829 1233 1000 1298; x_wconf 84' lang='lat' dir='ltr'>abduxerit</span> <span class='ocrx_word' id='word_1_45' title='bbox 1022 1234 1165 1319; x_wconf 86' lang='lat' dir='ltr'>Trojam‚</span> <span class='ocrx_word' id='word_1_46' title='bbox 1191 1236 1237 1300; x_wconf 91' lang='lat' dir='ltr'>ita</span> <span class='ocrx_word' id='word_1_47' title='bbox 1259 1240 1297 1299; x_wconf 89' lang='lat' dir='ltr'>ut</span> <span class='ocrx_word' id='word_1_48' title='bbox 1319 1256 1379 1318; x_wconf 91' lang='lat' dir='ltr'>per</span> 
     </span>
     <span class='ocr_line' id='line_1_8' title="bbox 303 1347 1376 1434; baseline -0.004 -18"><span class='ocrx_word' id='word_1_49' title='bbox 303 1352 382 1416; x_wconf 89' lang='lat' dir='ltr'>bina</span> <span class='ocrx_word' id='word_1_50' title='bbox 409 1350 514 1414; x_wconf 88' lang='lat' dir='ltr'>lustra</span> <span class='ocrx_word' id='word_1_51' title='bbox 541 1348 626 1412; x_wconf 87' lang='lat' dir='ltr'>inter</span> <span class='ocrx_word' id='word_1_52' title='bbox 647 1347 762 1411; x_wconf 85' lang='lat' dir='ltr'>Asiam</span> <span class='ocrx_word' id='word_1_53' title='bbox 784 1353 817 1412; x_wconf 83' lang='lat' dir='ltr'>et</span> <span class='ocrx_word' id='word_1_54' title='bbox 841 1347 1006 1432; x_wconf 84' lang='lat' dir='ltr'>Europam</span> <span class='ocrx_word' id='word_1_55' title='bbox 1030 1347 1221 1413; x_wconf 84' lang='lat' dir='ltr'>dimicatum</span> <span class='ocrx_word' id='word_1_56' title='bbox 1245 1348 1289 1412; x_wconf 90' lang='lat' dir='ltr'>sit</span> <span class='ocrx_word' id='word_1_57' title='bbox 1307 1354 1376 1434; x_wconf 83' lang='grc' dir='ltr'>περὶ</span> 
     </span>
     <span class='ocr_line' id='line_1_9' title="bbox 303 1460 1376 1546; baseline -0.006 -16"><span class='ocrx_word' id='word_1_58' title='bbox 303 1469 392 1540; x_wconf 82' lang='grc' dir='ltr'><strong><em>σκιᾶς</em></strong></span> <span class='ocrx_word' id='word_1_59' title='bbox 422 1484 486 1527; x_wconf 92' lang='lat' dir='ltr'>non</span> <span class='ocrx_word' id='word_1_60' title='bbox 519 1465 596 1527; x_wconf 85' lang='grc' dir='ltr'>ὄνου</span> <span class='ocrx_word' id='word_1_61' title='bbox 618 1461 766 1545; x_wconf 89' lang='lat' dir='ltr'>quidem,</span> <span class='ocrx_word' id='word_1_62' title='bbox 792 1460 848 1526; x_wconf 86' lang='lat' dir='ltr'>sed</span> <span class='ocrx_word' id='word_1_63' title='bbox 871 1461 911 1525; x_wconf 91' lang='lat' dir='ltr'>de</span> <span class='ocrx_word' id='word_1_64' title='bbox 935 1461 1051 1526; x_wconf 89' lang='lat' dir='ltr'>umbra</span> <span class='ocrx_word' id='word_1_65' title='bbox 1074 1467 1203 1544; x_wconf 83' lang='lat' dir='ltr'>tamen,</span> <span class='ocrx_word' id='word_1_66' title='bbox 1228 1461 1376 1546; x_wconf 87' lang='lat' dir='ltr'>quamvis</span> 
     </span>
     <span class='ocr_line' id='line_1_10' title="bbox 303 1573 1375 1660; baseline -0.004 -20"><span class='ocrx_word' id='word_1_67' title='bbox 303 1576 462 1640; x_wconf 82' lang='lat' dir='ltr'>formosae</span> <span class='ocrx_word' id='word_1_68' title='bbox 495 1573 660 1657; x_wconf 85' lang='lat' dir='ltr'>mulieris,</span> <span class='ocrx_word' id='word_1_69' title='bbox 690 1595 791 1660; x_wconf 91' lang='lat' dir='ltr'>quum</span> <span class='ocrx_word' id='word_1_70' title='bbox 821 1595 894 1638; x_wconf 90' lang='lat' dir='ltr'>vera</span> <span class='ocrx_word' id='word_1_71' title='bbox 915 1574 1042 1639; x_wconf 86' lang='lat' dir='ltr'>Helena</span> <span class='ocrx_word' id='word_1_72' title='bbox 1065 1574 1100 1638; x_wconf 90' lang='lat' dir='ltr'>in</span> <span class='ocrx_word' id='word_1_73' title='bbox 1123 1576 1274 1660; x_wconf 81' lang='lat' dir='ltr'>Aegypto</span> <span class='ocrx_word' id='word_1_74' title='bbox 1297 1574 1375 1639; x_wconf 89' lang='lat' dir='ltr'>lati-</span> 
     </span>
     <span class='ocr_line' id='line_1_11' title="bbox 304 1687 1375 1772; baseline 0.001 -19"><span class='ocrx_word' id='word_1_75' title='bbox 304 1693 388 1754; x_wconf 81' lang='lat' dir='ltr'>taret</span> <span class='ocrx_word' id='word_1_76' title='bbox 402 1693 423 1751; x_wconf 59' lang='grc'>8.</span> <span class='ocrx_word' id='word_1_77' title='bbox 461 1687 582 1752; x_wconf 89' lang='lat' dir='ltr'>Parum</span> <span class='ocrx_word' id='word_1_78' title='bbox 605 1688 704 1752; x_wconf 92' lang='lat' dir='ltr'>etiam</span> <span class='ocrx_word' id='word_1_79' title='bbox 728 1687 861 1769; x_wconf 86' lang='lat' dir='ltr'>astutia,</span> <span class='ocrx_word' id='word_1_80' title='bbox 886 1709 950 1772; x_wconf 88' lang='lat' dir='ltr'>qua</span> <span class='ocrx_word' id='word_1_81' title='bbox 973 1687 1146 1772; x_wconf 83' lang='lat' dir='ltr'>Iphigenia</span> <span class='ocrx_word' id='word_1_82' title='bbox 1157 1687 1288 1752; x_wconf 88' lang='lat' dir='ltr'>Taurioo</span> <span class='ocrx_word' id='word_1_83' title='bbox 1306 1691 1375 1772; x_wconf 85' lang='lat' dir='ltr'>regi</span> 
     </span>
     <span class='ocr_line' id='line_1_12' title="bbox 304 1799 1377 1886; baseline 0 -20"><span class='ocrx_word' id='word_1_84' title='bbox 304 1801 441 1866; x_wconf 81' lang='lat' dir='ltr'>Thoanti</span> <span class='ocrx_word' id='word_1_85' title='bbox 484 1807 518 1865; x_wconf 85' lang='lat' dir='ltr'>et</span> <span class='ocrx_word' id='word_1_86' title='bbox 553 1800 680 1865; x_wconf 89' lang='lat' dir='ltr'>Helena</span> <span class='ocrx_word' id='word_1_87' title='bbox 710 1799 874 1886; x_wconf 85' lang='lat' dir='ltr'>Aegyptio</span> <span class='ocrx_word' id='word_1_88' title='bbox 907 1800 976 1886; x_wconf 87' lang='lat' dir='ltr'>regi</span> <span class='ocrx_word' id='word_1_89' title='bbox 1011 1800 1245 1883; x_wconf 81' lang='lat' dir='ltr'>Theoclymeno</span> <span class='ocrx_word' id='word_1_90' title='bbox 1279 1803 1377 1866; x_wconf 88' lang='lat' dir='ltr'>verba</span> 
     </span>
     <span class='ocr_line' id='line_1_13' title="bbox 303 1913 1375 2000; baseline -0.002 -22"><span class='ocrx_word' id='word_1_91' title='bbox 303 1915 398 1995; x_wconf 86' lang='lat' dir='ltr'>dant,</span> <span class='ocrx_word' id='word_1_92' title='bbox 422 1914 563 2000; x_wconf 80' lang='lat' dir='ltr'>tragicae</span> <span class='ocrx_word' id='word_1_93' title='bbox 587 1936 700 1979; x_wconf 88' lang='lat' dir='ltr'>scenae</span> <span class='ocrx_word' id='word_1_94' title='bbox 724 1913 895 1978; x_wconf 89' lang='lat' dir='ltr'>convenire</span> <span class='ocrx_word' id='word_1_95' title='bbox 917 1913 1062 1996; x_wconf 83' lang='lat' dir='ltr'>videtur,</span> <span class='ocrx_word' id='word_1_96' title='bbox 1086 1934 1161 1979; x_wconf 90' lang='lat' dir='ltr'>oum</span> <span class='ocrx_word' id='word_1_97' title='bbox 1173 1913 1208 1977; x_wconf 90' lang='lat' dir='ltr'>in</span> <span class='ocrx_word' id='word_1_98' title='bbox 1221 1913 1375 1977; x_wconf 88' lang='lat' dir='ltr'>Plautino</span> 
     </span>
     <span class='ocr_line' id='line_1_14' title="bbox 303 2025 1375 2112; baseline -0.003 -21"><span class='ocrx_word' id='word_1_99' title='bbox 303 2026 431 2112; x_wconf 90' lang='lat' dir='ltr'>pulpito</span> <span class='ocrx_word' id='word_1_100' title='bbox 463 2027 544 2092; x_wconf 88' lang='lat' dir='ltr'>bene</span> <span class='ocrx_word' id='word_1_101' title='bbox 573 2026 699 2110; x_wconf 90' lang='lat' dir='ltr'>plaeere</span> <span class='ocrx_word' id='word_1_102' title='bbox 731 2025 842 2111; x_wconf 83' lang='lat' dir='ltr'>posset</span> <span class='ocrx_word' id='word_1_103' title='bbox 858 2026 879 2088; x_wconf 79' lang='lat'>⁴.</span> <span class='ocrx_word' id='word_1_104' title='bbox 928 2026 966 2089; x_wconf 90' lang='lat' dir='ltr'>Iu</span> <span class='ocrx_word' id='word_1_105' title='bbox 991 2025 1055 2090; x_wconf 88' lang='lat' dir='ltr'>fine</span> <span class='ocrx_word' id='word_1_106' title='bbox 1080 2025 1269 2110; x_wconf 76' lang='lat' dir='ltr'>iphigeniae</span> <span class='ocrx_word' id='word_1_107' title='bbox 1292 2025 1375 2089; x_wconf 82' lang='lat' dir='ltr'>Tau-</span> 
     </span>
    </p>
   </div>
   <div class='ocr_carea' id='block_1_4' title="bbox 299 2284 1376 4496">
    <p class='ocr_par' dir='ltr' id='par_1_4' title="bbox 336 2284 595 2336">
     <span class='ocr_line' id='line_1_15' title="bbox 336 2284 595 2336; baseline 0.008 -2"><span class='ocrx_word' id='word_1_108' title='bbox 336 2284 343 2315; x_wconf 92' lang='lat'>¹</span> <span class='ocrx_word' id='word_1_109' title='bbox 378 2285 467 2334; x_wconf 85' lang='lat' dir='ltr'>Helen.</span> <span class='ocrx_word' id='word_1_110' title='bbox 485 2300 521 2332; x_wconf 86' lang='lat' dir='ltr'>vs.</span> <span class='ocrx_word' id='word_1_111' title='bbox 538 2286 595 2336; x_wconf 79' lang='grc'><strong>690.</strong></span> 
     </span>
    </p>

    <p class='ocr_par' dir='ltr' id='par_1_5' title="bbox 301 2374 1376 2980">
     <span class='ocr_line' id='line_1_16' title="bbox 334 2374 1375 2440; baseline 0.001 -17"><span class='ocrx_word' id='word_1_112' title='bbox 334 2374 345 2406; x_wconf 83' lang='lat'>²</span> <span class='ocrx_word' id='word_1_113' title='bbox 377 2375 540 2439; x_wconf 86' lang='lat' dir='ltr'>Euripideum</span> <span class='ocrx_word' id='word_1_114' title='bbox 565 2375 656 2440; x_wconf 75' lang='grc' dir='ltr'>εὕρημα</span> <span class='ocrx_word' id='word_1_115' title='bbox 681 2390 711 2424; x_wconf 92' lang='lat' dir='ltr'>eo</span> <span class='ocrx_word' id='word_1_116' title='bbox 735 2390 809 2424; x_wconf 86' lang='lat' dir='ltr'>sensu</span> <span class='ocrx_word' id='word_1_117' title='bbox 834 2390 909 2435; x_wconf 89' lang='lat' dir='ltr'>voco,</span> <span class='ocrx_word' id='word_1_118' title='bbox 930 2377 995 2440; x_wconf 87' lang='lat' dir='ltr'>qnod</span> <span class='ocrx_word' id='word_1_119' title='bbox 1016 2376 1150 2440; x_wconf 86' lang='lat' dir='ltr'>Euripides</span> <span class='ocrx_word' id='word_1_120' title='bbox 1170 2377 1234 2424; x_wconf 87' lang='lat' dir='ltr'>hane</span> <span class='ocrx_word' id='word_1_121' title='bbox 1251 2375 1375 2425; x_wconf 87' lang='lat' dir='ltr'>fictionem</span> 
     </span>
     <span class='ocr_line' id='line_1_17' title="bbox 302 2465 1376 2527; baseline 0.002 -15"><span class='ocrx_word' id='word_1_122' title='bbox 302 2475 352 2512; x_wconf 88' lang='lat' dir='ltr'>tam</span> <span class='ocrx_word' id='word_1_123' title='bbox 377 2466 537 2514; x_wconf 84' lang='lat' dir='ltr'>vehementer</span> <span class='ocrx_word' id='word_1_124' title='bbox 562 2465 674 2527; x_wconf 83' lang='lat' dir='ltr'>probavit</span> <span class='ocrx_word' id='word_1_125' title='bbox 699 2473 727 2514; x_wconf 86' lang='lat' dir='ltr'>ut</span> <span class='ocrx_word' id='word_1_126' title='bbox 752 2480 807 2514; x_wconf 88' lang='lat' dir='ltr'>eam</span> <span class='ocrx_word' id='word_1_127' title='bbox 831 2467 937 2514; x_wconf 82' lang='lat' dir='ltr'>dramati</span> <span class='ocrx_word' id='word_1_128' title='bbox 962 2465 1127 2515; x_wconf 84' lang='lat' dir='ltr'>substraverit</span> <span class='ocrx_word' id='word_1_129' title='bbox 1150 2465 1288 2514; x_wconf 82' lang='lat' dir='ltr'>materiem.</span> <span class='ocrx_word' id='word_1_130' title='bbox 1321 2466 1376 2514; x_wconf 90' lang='lat' dir='ltr'>Nee</span> 
     </span>
     <span class='ocr_line' id='line_1_18' title="bbox 302 2553 1376 2619; baseline -0.001 -17"><span class='ocrx_word' id='word_1_131' title='bbox 302 2555 392 2603; x_wconf 90' lang='lat' dir='ltr'>mirum</span> <span class='ocrx_word' id='word_1_132' title='bbox 419 2565 468 2612; x_wconf 85' lang='lat' dir='ltr'>est,</span> <span class='ocrx_word' id='word_1_133' title='bbox 493 2554 564 2602; x_wconf 89' lang='lat' dir='ltr'>avido</span> <span class='ocrx_word' id='word_1_134' title='bbox 590 2567 647 2602; x_wconf 90' lang='lat' dir='ltr'>eum</span> <span class='ocrx_word' id='word_1_135' title='bbox 672 2553 805 2616; x_wconf 86' lang='lat' dir='ltr'>arripuisse</span> <span class='ocrx_word' id='word_1_136' title='bbox 827 2554 962 2617; x_wconf 81' lang='lat' dir='ltr'>imaginem</span> <span class='ocrx_word' id='word_1_137' title='bbox 984 2553 1085 2604; x_wconf 89' lang='lat' dir='ltr'>aethere</span> <span class='ocrx_word' id='word_1_138' title='bbox 1110 2569 1142 2603; x_wconf 89' lang='lat' dir='ltr'>ex</span> <span class='ocrx_word' id='word_1_139' title='bbox 1166 2553 1315 2619; x_wconf 75' lang='lat' dir='ltr'>conlectam,</span> <span class='ocrx_word' id='word_1_140' title='bbox 1332 2554 1376 2616; x_wconf 89' lang='lat' dir='ltr'>qui</span> 
     </span>
     <span class='ocr_line' id='line_1_19' title="bbox 301 2641 1373 2708; baseline 0.003 -17"><span class='ocrx_word' id='word_1_141' title='bbox 301 2641 401 2692; x_wconf 85' lang='lat' dir='ltr'>aethera</span> <span class='ocrx_word' id='word_1_142' title='bbox 425 2644 450 2690; x_wconf 88' lang='lat' dir='ltr'>in</span> <span class='ocrx_word' id='word_1_143' title='bbox 475 2643 526 2690; x_wconf 81' lang='lat' dir='ltr'>suis</span> <span class='ocrx_word' id='word_1_144' title='bbox 552 2642 642 2690; x_wconf 86' lang='lat' dir='ltr'>tabulis</span> <span class='ocrx_word' id='word_1_145' title='bbox 668 2652 795 2705; x_wconf 84' lang='lat' dir='ltr'>tantopere</span> <span class='ocrx_word' id='word_1_146' title='bbox 819 2643 943 2706; x_wconf 84' lang='lat' dir='ltr'>crepuerit</span> <span class='ocrx_word' id='word_1_147' title='bbox 965 2644 1004 2705; x_wconf 85' lang='lat' dir='ltr'>(cs.</span> <span class='ocrx_word' id='word_1_148' title='bbox 1022 2659 1098 2706; x_wconf 86' lang='lat' dir='ltr'>supra</span> <span class='ocrx_word' id='word_1_149' title='bbox 1118 2659 1176 2708; x_wconf 85' lang='lat' dir='ltr'>pag.</span> <span class='ocrx_word' id='word_1_150' title='bbox 1195 2647 1225 2694; x_wconf 88' lang='lat'>19</span> <span class='ocrx_word' id='word_1_151' title='bbox 1241 2647 1298 2694; x_wconf 82' lang='lat' dir='ltr'>adn.</span> <span class='ocrx_word' id='word_1_152' title='bbox 1315 2647 1331 2694; x_wconf 76' lang='lat'><strong><em>4</em></strong></span> <span class='ocrx_word' id='word_1_153' title='bbox 1347 2653 1373 2694; x_wconf 89' lang='lat' dir='ltr'>et</span> 
     </span>
     <span class='ocr_line' id='line_1_20' title="bbox 301 2732 1374 2796; baseline 0.002 -15"><span class='ocrx_word' id='word_1_154' title='bbox 301 2734 332 2781; x_wconf 87' lang='lat'>21</span> <span class='ocrx_word' id='word_1_155' title='bbox 350 2734 406 2782; x_wconf 82' lang='lat' dir='ltr'>adn.</span> <span class='ocrx_word' id='word_1_156' title='bbox 422 2733 462 2795; x_wconf 81' lang='lat'>2);</span> <span class='ocrx_word' id='word_1_157' title='bbox 479 2732 573 2781; x_wconf 83' lang='lat' dir='ltr'>“allelu</span> <span class='ocrx_word' id='word_1_158' title='bbox 589 2733 653 2780; x_wconf 82' lang='lat' dir='ltr'>dieas</span> <span class='ocrx_word' id='word_1_159' title='bbox 671 2733 702 2780; x_wconf 83' lang='lat' dir='ltr'>ist</span> <span class='ocrx_word' id='word_1_160' title='bbox 718 2732 774 2780; x_wconf 88' lang='lat' dir='ltr'>eine</span> <span class='ocrx_word' id='word_1_161' title='bbox 792 2733 855 2788; x_wconf 87' lang='lat' dir='ltr'>Art,</span> <span class='ocrx_word' id='word_1_162' title='bbox 872 2733 910 2780; x_wconf 88' lang='lat' dir='ltr'>die</span> <span class='ocrx_word' id='word_1_163' title='bbox 927 2733 1085 2796; x_wconf 84' lang='lat' dir='ltr'>Mytlrologie</span> <span class='ocrx_word' id='word_1_164' title='bbox 1102 2749 1133 2782; x_wconf 84' lang='lat' dir='ltr'>au</span> <span class='ocrx_word' id='word_1_165' title='bbox 1150 2735 1308 2794; x_wconf 71' lang='lat' dir='ltr'>ramessem,</span> <span class='ocrx_word' id='word_1_166' title='bbox 1326 2750 1374 2783; x_wconf 84' lang='lat' dir='ltr'>wo-</span> 
     </span>
     <span class='ocr_line' id='line_1_21' title="bbox 302 2820 1375 2876; baseline 0.006 -8"><span class='ocrx_word' id='word_1_167' title='bbox 302 2821 396 2869; x_wconf 89' lang='lat' dir='ltr'>“dnrch</span> <span class='ocrx_word' id='word_1_168' title='bbox 417 2821 453 2868; x_wconf 92' lang='lat' dir='ltr'>sie</span> <span class='ocrx_word' id='word_1_169' title='bbox 478 2821 526 2868; x_wconf 88' lang='lat' dir='ltr'>den</span> <span class='ocrx_word' id='word_1_170' title='bbox 551 2820 687 2869; x_wconf 84' lang='lat' dir='ltr'>Miihrcheu</span> <span class='ocrx_word' id='word_1_171' title='bbox 713 2821 738 2867; x_wconf 90' lang='lat' dir='ltr'>in</span> <span class='ocrx_word' id='word_1_172' title='bbox 763 2822 877 2872; x_wconf 87' lang='lat' dir='ltr'>Tansend</span> <span class='ocrx_word' id='word_1_173' title='bbox 904 2827 953 2872; x_wconf 87' lang='lat' dir='ltr'>und</span> <span class='ocrx_word' id='word_1_174' title='bbox 978 2825 1047 2874; x_wconf 89' lang='lat' dir='ltr'>einer</span> <span class='ocrx_word' id='word_1_175' title='bbox 1071 2826 1154 2875; x_wconf 82' lang='lat' dir='ltr'>Naeht</span> <span class='ocrx_word' id='word_1_176' title='bbox 1170 2827 1270 2876; x_wconf 76' lang='lat' dir='ltr'>iihnlich</span> <span class='ocrx_word' id='word_1_177' title='bbox 1289 2825 1375 2876; x_wconf 81' lang='lat' dir='ltr'>wird.&#39;&#39;</span> 
     </span>
     <span class='ocr_line' id='line_1_22' title="bbox 303 2910 1117 2980; baseline 0.006 -18"><span class='ocrx_word' id='word_1_178' title='bbox 303 2911 429 2974; x_wconf 73' lang='lat' dir='ltr'>(Schlegel</span> <span class='ocrx_word' id='word_1_179' title='bbox 446 2910 519 2959; x_wconf 89' lang='lat' dir='ltr'>Vorl.</span> <span class='ocrx_word' id='word_1_180' title='bbox 537 2912 597 2959; x_wconf 86' lang='lat' dir='ltr'>iiber</span> <span class='ocrx_word' id='word_1_181' title='bbox 613 2912 691 2958; x_wconf 87' lang='lat' dir='ltr'>dram.</span> <span class='ocrx_word' id='word_1_182' title='bbox 709 2912 793 2960; x_wconf 84' lang='lat' dir='ltr'>Kunst</span> <span class='ocrx_word' id='word_1_183' title='bbox 809 2928 833 2961; x_wconf 91' lang='lat' dir='ltr'>u.</span> <span class='ocrx_word' id='word_1_184' title='bbox 852 2913 900 2964; x_wconf 85' lang='lat' dir='ltr'>Lit.</span> <span class='ocrx_word' id='word_1_185' title='bbox 918 2914 959 2974; x_wconf 83' lang='lat'>1²,</span> <span class='ocrx_word' id='word_1_186' title='bbox 976 2931 1033 2979; x_wconf 80' lang='lat' dir='ltr'>pag.</span> <span class='ocrx_word' id='word_1_187' title='bbox 1049 2919 1117 2980; x_wconf 80' lang='lat'>262).</span> 
     </span>
    </p>

    <p class='ocr_par' dir='ltr' id='par_1_6' title="bbox 301 2983 1375 3511">
     <span class='ocr_line' id='line_1_23' title="bbox 333 2983 1375 3069; baseline 0.005 -20"><span class='ocrx_word' id='word_1_188' title='bbox 333 3001 344 3032; x_wconf 81' lang='lat'>³</span> <span class='ocrx_word' id='word_1_189' title='bbox 376 2983 445 3050; x_wconf 74' lang='lat' dir='ltr'>uon&#39;</span> <span class='ocrx_word' id='word_1_190' title='bbox 458 3001 542 3049; x_wconf 73' lang='lat' dir='ltr'>austro</span> <span class='ocrx_word' id='word_1_191' title='bbox 567 3001 625 3063; x_wconf 81' lang='lat' dir='ltr'>quin</span> <span class='ocrx_word' id='word_1_192' title='bbox 649 3001 693 3049; x_wconf 74' lang='lat' dir='ltr'>rac</span> <span class='ocrx_word' id='word_1_193' title='bbox 710 3001 791 3050; x_wconf 72' lang='lat' dir='ltr'>sabaa</span> <span class='ocrx_word' id='word_1_194' title='bbox 808 3004 915 3053; x_wconf 63' lang='lat' dir='ltr'>vautra</span> <span class='ocrx_word' id='word_1_195' title='bbox 931 3020 946 3052; x_wconf 74' lang='lat' dir='ltr'>a</span> <span class='ocrx_word' id='word_1_196' title='bbox 962 3005 1026 3053; x_wconf 74' lang='lat' dir='ltr'>aeuo</span> <span class='ocrx_word' id='word_1_197' title='bbox 1042 3005 1169 3054; x_wconf 68' lang='lat' dir='ltr'>sonorae</span> <span class='ocrx_word' id='word_1_198' title='bbox 1186 3006 1331 3069; x_wconf 77' lang='lat' dir='ltr'>Euripides,</span> <span class='ocrx_word' id='word_1_199' title='bbox 1348 3005 1375 3054; x_wconf 82' lang='lat' dir='ltr'>ra</span> 
     </span>
     <span class='ocr_line' id='line_1_24' title="bbox 302 3090 1375 3158; baseline 0.004 -20"><span class='ocrx_word' id='word_1_200' title='bbox 302 3104 377 3153; x_wconf 89' lang='lat' dir='ltr'>prope</span> <span class='ocrx_word' id='word_1_201' title='bbox 401 3105 477 3138; x_wconf 89' lang='lat' dir='ltr'>unum</span> <span class='ocrx_word' id='word_1_202' title='bbox 503 3105 558 3138; x_wconf 90' lang='lat' dir='ltr'>cum</span> <span class='ocrx_word' id='word_1_203' title='bbox 584 3090 677 3138; x_wconf 86' lang='lat' dir='ltr'>comico</span> <span class='ocrx_word' id='word_1_204' title='bbox 702 3092 872 3151; x_wconf 84' lang='lat' dir='ltr'>consentiens,</span> <span class='ocrx_word' id='word_1_205' title='bbox 897 3094 964 3156; x_wconf 90' lang='lat' dir='ltr'>quod</span> <span class='ocrx_word' id='word_1_206' title='bbox 989 3095 1079 3143; x_wconf 83' lang='lat' dir='ltr'>bellum</span> <span class='ocrx_word' id='word_1_207' title='bbox 1102 3094 1247 3143; x_wconf 89' lang='lat' dir='ltr'>abhorreret</span> <span class='ocrx_word' id='word_1_208' title='bbox 1263 3103 1375 3158; x_wconf 82' lang='lat' dir='ltr'>uterque,</span> 
     </span>
     <span class='ocr_line' id='line_1_25' title="bbox 302 3179 1374 3248; baseline 0.004 -20"><span class='ocrx_word' id='word_1_209' title='bbox 302 3181 342 3228; x_wconf 88' lang='lat' dir='ltr'>hic</span> <span class='ocrx_word' id='word_1_210' title='bbox 358 3188 440 3230; x_wconf 84' lang='lat' dir='ltr'>tamen</span> <span class='ocrx_word' id='word_1_211' title='bbox 457 3180 537 3243; x_wconf 83' lang='lat' dir='ltr'>magis</span> <span class='ocrx_word' id='word_1_212' title='bbox 554 3179 612 3242; x_wconf 87' lang='lat' dir='ltr'>quia</span> <span class='ocrx_word' id='word_1_213' title='bbox 627 3179 721 3228; x_wconf 84' lang='lat' dir='ltr'>civitati</span> <span class='ocrx_word' id='word_1_214' title='bbox 739 3181 918 3243; x_wconf 88' lang='lat' dir='ltr'>perniciosum,</span> <span class='ocrx_word' id='word_1_215' title='bbox 934 3183 979 3232; x_wconf 90' lang='lat' dir='ltr'>ille</span> <span class='ocrx_word' id='word_1_216' title='bbox 991 3183 1226 3248; x_wconf 84' lang='lat' dir='ltr'>quiaphilosophiaa</span> <span class='ocrx_word' id='word_1_217' title='bbox 1236 3185 1374 3247; x_wconf 83' lang='lat' dir='ltr'>praeceptis</span> 
     </span>
     <span class='ocr_line' id='line_1_26' title="bbox 301 3269 1373 3339; baseline 0.001 -20"><span class='ocrx_word' id='word_1_218' title='bbox 301 3271 454 3328; x_wconf 83' lang='lat' dir='ltr'>contrarium</span> <span class='ocrx_word' id='word_1_219' title='bbox 469 3272 576 3319; x_wconf 83' lang='lat' dir='ltr'>duceret.</span> <span class='ocrx_word' id='word_1_220' title='bbox 610 3269 725 3335; x_wconf 79' lang='grc' dir='ltr'>Νεφέλης</span> <span class='ocrx_word' id='word_1_221' title='bbox 742 3270 781 3332; x_wconf 82' lang='grc' dir='ltr'>ἄρ’</span> <span class='ocrx_word' id='word_1_222' title='bbox 798 3272 884 3330; x_wconf 82' lang='grc' dir='ltr'>ἄλλως</span> <span class='ocrx_word' id='word_1_223' title='bbox 902 3273 1000 3337; x_wconf 77' lang='grc' dir='ltr'>εἴχομεν</span> <span class='ocrx_word' id='word_1_224' title='bbox 1017 3275 1113 3332; x_wconf 79' lang='grc' dir='ltr'><strong><em>πόνους</em></strong></span> <span class='ocrx_word' id='word_1_225' title='bbox 1131 3273 1373 3339; x_wconf 73' lang='lat' dir='ltr'>sript,dieitquidam</span> 
     </span>
     <span class='ocr_line' id='line_1_27' title="bbox 301 3359 1374 3424; baseline -0.001 -14"><span class='ocrx_word' id='word_1_226' title='bbox 301 3377 314 3410; x_wconf 88' lang='lat' dir='ltr'>a</span> <span class='ocrx_word' id='word_1_227' title='bbox 334 3359 442 3410; x_wconf 87' lang='lat' dir='ltr'>Menelai</span> <span class='ocrx_word' id='word_1_228' title='bbox 464 3359 582 3407; x_wconf 81' lang='lat' dir='ltr'>ministris</span> <span class='ocrx_word' id='word_1_229' title='bbox 599 3373 635 3407; x_wconf 87' lang='lat' dir='ltr'>vs.</span> <span class='ocrx_word' id='word_1_230' title='bbox 653 3361 711 3413; x_wconf 83' lang='lat'>713.</span> <span class='ocrx_word' id='word_1_231' title='bbox 743 3361 863 3424; x_wconf 85' lang='lat' dir='ltr'>Inprimis</span> <span class='ocrx_word' id='word_1_232' title='bbox 879 3376 950 3412; x_wconf 89' lang='lat' dir='ltr'>meae</span> <span class='ocrx_word' id='word_1_233' title='bbox 966 3363 1102 3412; x_wconf 86' lang='lat' dir='ltr'>sententiae</span> <span class='ocrx_word' id='word_1_234' title='bbox 1120 3362 1205 3412; x_wconf 82' lang='lat' dir='ltr'>lavent</span> <span class='ocrx_word' id='word_1_235' title='bbox 1220 3361 1374 3411; x_wconf 80' lang='lat' dir='ltr'>verbachori</span> 
     </span>
     <span class='ocr_line' id='line_1_28' title="bbox 301 3449 500 3511; baseline 0.005 -16"><span class='ocrx_word' id='word_1_236' title='bbox 301 3463 337 3496; x_wconf 85' lang='lat' dir='ltr'>vs.</span> <span class='ocrx_word' id='word_1_237' title='bbox 358 3449 419 3497; x_wconf 87' lang='grc'><strong>1166</strong></span> <span class='ocrx_word' id='word_1_238' title='bbox 435 3462 500 3511; x_wconf 86' lang='lat' dir='ltr'>sqq:</span> 
     </span>
    </p>

    <p class='ocr_par' dir='ltr' id='par_1_7' title="bbox 592 3521 1065 3606">
     <span class='ocr_line' id='line_1_29' title="bbox 592 3521 1065 3606; baseline 0.006 -20"><span class='ocrx_word' id='word_1_239' title='bbox 592 3521 701 3603; x_wconf 72' lang='grc' dir='ltr'>ἄφρονες</span> <span class='ocrx_word' id='word_1_240' title='bbox 718 3539 773 3589; x_wconf 73' lang='grc' dir='ltr'>ὅσοι</span> <span class='ocrx_word' id='word_1_241' title='bbox 789 3544 836 3599; x_wconf 84' lang='grc' dir='ltr'>τὰς</span> <span class='ocrx_word' id='word_1_242' title='bbox 853 3541 945 3605; x_wconf 81' lang='grc' dir='ltr'>ἀρετὰς</span> <span class='ocrx_word' id='word_1_243' title='bbox 963 3541 1065 3606; x_wconf 81' lang='grc' dir='ltr'>πολέμῳ</span> 
     </span>
    </p>

    <p class='ocr_par' dir='ltr' id='par_1_8' title="bbox 590 3627 1018 3694">
     <span class='ocr_line' id='line_1_30' title="bbox 590 3627 1018 3694; baseline 0.012 -20"><span class='ocrx_word' id='word_1_244' title='bbox 590 3628 682 3676; x_wconf 82' lang='grc' dir='ltr'><em>κτᾶσθε</em></span> <span class='ocrx_word' id='word_1_245' title='bbox 698 3627 772 3692; x_wconf 77' lang='grc' dir='ltr'>δορὸς</span> <span class='ocrx_word' id='word_1_246' title='bbox 789 3629 895 3678; x_wconf 78' lang='grc' dir='ltr'>ἀλκαίου</span> <span class='ocrx_word' id='word_1_247' title='bbox 913 3647 940 3678; x_wconf 85' lang='grc' dir='ltr'>τε</span> <span class='ocrx_word' id='word_1_248' title='bbox 957 3630 1018 3694; x_wconf 82' lang='grc' dir='ltr'>λόγ·</span> 
     </span>
    </p>

    <p class='ocr_par' dir='ltr' id='par_1_9' title="bbox 590 3717 933 3780">
     <span class='ocr_line' id='line_1_31' title="bbox 590 3717 933 3780; baseline 0.012 -17"><span class='ocrx_word' id='word_1_249' title='bbox 590 3734 649 3778; x_wconf 82' lang='grc' dir='ltr'>χαις</span> <span class='ocrx_word' id='word_1_250' title='bbox 666 3717 868 3780; x_wconf 78' lang='grc' dir='ltr'>καταπαυόμενοι</span> <span class='ocrx_word' id='word_1_251' title='bbox 886 3717 933 3766; x_wconf 82' lang='grc' dir='ltr'>τό·</span> 
     </span>
    </p>

    <p class='ocr_par' dir='ltr' id='par_1_10' title="bbox 590 3804 1268 3870">
     <span class='ocr_line' id='line_1_32' title="bbox 590 3804 1268 3870; baseline 0.001 -17"><span class='ocrx_word' id='word_1_252' title='bbox 590 3804 650 3862; x_wconf 81' lang='grc' dir='ltr'>θους</span> <span class='ocrx_word' id='word_1_253' title='bbox 668 3804 787 3854; x_wconf 80' lang='grc' dir='ltr'>θανάτων</span> <span class='ocrx_word' id='word_1_254' title='bbox 804 3805 915 3870; x_wconf 79' lang='grc' dir='ltr'>ἀμαθῶς.</span> <span class='ocrx_word' id='word_1_255' title='bbox 934 3833 965 3843; x_wconf 92' lang='grc'>-</span> <span class='ocrx_word' id='word_1_256' title='bbox 981 3808 1033 3856; x_wconf 83' lang='lat' dir='ltr'>vd.</span> <span class='ocrx_word' id='word_1_257' title='bbox 1049 3809 1124 3856; x_wconf 77' lang='lat' dir='ltr'>etiam</span> <span class='ocrx_word' id='word_1_258' title='bbox 1142 3822 1177 3858; x_wconf 83' lang='lat' dir='ltr'>vs.</span> <span class='ocrx_word' id='word_1_259' title='bbox 1198 3809 1268 3858; x_wconf 78' lang='lat'>1236.</span> 
     </span>
    </p>

    <p class='ocr_par' dir='ltr' id='par_1_11' title="bbox 299 3893 1372 4301">
     <span class='ocr_line' id='line_1_33' title="bbox 333 3893 1370 3960; baseline 0.002 -16"><span class='ocrx_word' id='word_1_260' title='bbox 333 3895 389 3944; x_wconf 88' lang='lat' dir='ltr'>Non</span> <span class='ocrx_word' id='word_1_261' title='bbox 414 3893 603 3956; x_wconf 84' lang='lat' dir='ltr'>intempestive,</span> <span class='ocrx_word' id='word_1_262' title='bbox 628 3893 730 3956; x_wconf 90' lang='lat' dir='ltr'>opinor,</span> <span class='ocrx_word' id='word_1_263' title='bbox 755 3895 796 3943; x_wconf 88' lang='lat' dir='ltr'>hie</span> <span class='ocrx_word' id='word_1_264' title='bbox 825 3894 928 3944; x_wconf 84' lang='lat' dir='ltr'>afferam</span> <span class='ocrx_word' id='word_1_265' title='bbox 952 3896 1035 3945; x_wconf 90' lang='lat' dir='ltr'>locum</span> <span class='ocrx_word' id='word_1_266' title='bbox 1059 3911 1073 3946; x_wconf 92' lang='lat' dir='ltr'>e</span> <span class='ocrx_word' id='word_1_267' title='bbox 1099 3897 1214 3946; x_wconf 88' lang='lat' dir='ltr'>Platonis</span> <span class='ocrx_word' id='word_1_268' title='bbox 1238 3895 1302 3960; x_wconf 86' lang='lat' dir='ltr'>Rep.</span> <span class='ocrx_word' id='word_1_269' title='bbox 1318 3899 1370 3956; x_wconf 84' lang='lat' dir='ltr'>IX,</span> 
     </span>
     <span class='ocr_line' id='line_1_34' title="bbox 300 3981 1372 4050; baseline 0.001 -18"><span class='ocrx_word' id='word_1_270' title='bbox 300 3998 357 4047; x_wconf 84' lang='lat' dir='ltr'>pag.</span> <span class='ocrx_word' id='word_1_271' title='bbox 383 3985 432 4033; x_wconf 80' lang='grc'>686</span> <span class='ocrx_word' id='word_1_272' title='bbox 448 3982 478 4041; x_wconf 84' lang='lat' dir='ltr'>G,</span> <span class='ocrx_word' id='word_1_273' title='bbox 495 3981 538 4030; x_wconf 89' lang='lat' dir='ltr'>ubi</span> <span class='ocrx_word' id='word_1_274' title='bbox 555 3981 669 4032; x_wconf 86' lang='lat' dir='ltr'>Socrates</span> <span class='ocrx_word' id='word_1_275' title='bbox 686 3996 751 4030; x_wconf 88' lang='lat' dir='ltr'>vana</span> <span class='ocrx_word' id='word_1_276' title='bbox 768 3982 896 4032; x_wconf 88' lang='lat' dir='ltr'>hominum</span> <span class='ocrx_word' id='word_1_277' title='bbox 913 3985 1007 4044; x_wconf 78' lang='lat' dir='ltr'>studia,</span> <span class='ocrx_word' id='word_1_278' title='bbox 1023 3999 1072 4034; x_wconf 92' lang='lat' dir='ltr'>non</span> <span class='ocrx_word' id='word_1_279' title='bbox 1089 3999 1161 4034; x_wconf 84' lang='lat' dir='ltr'>veras</span> <span class='ocrx_word' id='word_1_280' title='bbox 1178 3986 1222 4034; x_wconf 87' lang='lat' dir='ltr'>sed</span> <span class='ocrx_word' id='word_1_281' title='bbox 1238 3987 1372 4050; x_wconf 76' lang='grc' dir='ltr'>ἐσκιαγρα-</span> 
     </span>
     <span class='ocr_line' id='line_1_35' title="bbox 301 4070 1372 4138; baseline 0.002 -18"><span class='ocrx_word' id='word_1_282' title='bbox 301 4073 411 4135; x_wconf 78' lang='grc' dir='ltr'>φημένας</span> <span class='ocrx_word' id='word_1_283' title='bbox 435 4070 530 4130; x_wconf 76' lang='grc' dir='ltr'>ἡδονὰς</span> <span class='ocrx_word' id='word_1_284' title='bbox 555 4071 712 4130; x_wconf 86' lang='lat' dir='ltr'>venantium,</span> <span class='ocrx_word' id='word_1_285' title='bbox 737 4085 796 4120; x_wconf 89' lang='lat' dir='ltr'>eum</span> <span class='ocrx_word' id='word_1_286' title='bbox 818 4071 984 4136; x_wconf 84' lang='lat' dir='ltr'>Trojanorum</span> <span class='ocrx_word' id='word_1_287' title='bbox 1008 4073 1114 4122; x_wconf 88' lang='lat' dir='ltr'>stultitia</span> <span class='ocrx_word' id='word_1_288' title='bbox 1129 4082 1269 4138; x_wconf 87' lang='lat' dir='ltr'>comparat,</span> <span class='ocrx_word' id='word_1_289' title='bbox 1285 4074 1372 4137; x_wconf 88' lang='lat' dir='ltr'>quibus</span> 
     </span>
     <span class='ocr_line' id='line_1_36' title="bbox 301 4159 1371 4228; baseline 0 -17"><span class='ocrx_word' id='word_1_290' title='bbox 301 4164 330 4211; x_wconf 83' lang='grc' dir='ltr'>τὸ</span> <span class='ocrx_word' id='word_1_291' title='bbox 351 4165 397 4221; x_wconf 78' lang='grc' dir='ltr'>τῆς</span> <span class='ocrx_word' id='word_1_292' title='bbox 420 4159 522 4220; x_wconf 79' lang='grc' dir='ltr'>Ἑλένης</span> <span class='ocrx_word' id='word_1_293' title='bbox 541 4161 646 4210; x_wconf 75' lang='grc' dir='ltr'>εἴδωλον</span> <span class='ocrx_word' id='word_1_294' title='bbox 664 4160 838 4224; x_wconf 79' lang='grc' dir='ltr'>περιμάχητον</span> <span class='ocrx_word' id='word_1_295' title='bbox 854 4161 969 4226; x_wconf 76' lang='grc' dir='ltr'>γενέσθαι</span> <span class='ocrx_word' id='word_1_296' title='bbox 985 4163 1079 4228; x_wconf 79' lang='grc' dir='ltr'>ἀγνοίᾳ</span> <span class='ocrx_word' id='word_1_297' title='bbox 1097 4167 1142 4212; x_wconf 87' lang='grc' dir='ltr'>τοῦ</span> <span class='ocrx_word' id='word_1_298' title='bbox 1160 4163 1271 4223; x_wconf 79' lang='grc' dir='ltr'>ἀληθοῦς</span> <span class='ocrx_word' id='word_1_299' title='bbox 1287 4173 1371 4212; x_wconf 84' lang='lat' dir='ltr'>auctor</span> 
     </span>
     <span class='ocr_line' id='line_1_37' title="bbox 299 4250 510 4301; baseline -0.009 -1"><span class='ocrx_word' id='word_1_300' title='bbox 299 4253 332 4300; x_wconf 86' lang='lat' dir='ltr'>sit</span> <span class='ocrx_word' id='word_1_301' title='bbox 348 4250 510 4301; x_wconf 81' lang='lat' dir='ltr'>Stesichorus.</span> 
     </span>
    </p>

    <p class='ocr_par' dir='ltr' id='par_1_12' title="bbox 300 4341 1371 4496">
     <span class='ocr_line' id='line_1_38' title="bbox 332 4341 1371 4406; baseline 0 -17"><span class='ocrx_word' id='word_1_302' title='bbox 332 4343 342 4372; x_wconf 74' lang='lat'><strong>⁴</strong></span> <span class='ocrx_word' id='word_1_303' title='bbox 374 4342 425 4390; x_wconf 87' lang='lat' dir='ltr'>Vd.</span> <span class='ocrx_word' id='word_1_304' title='bbox 444 4342 524 4389; x_wconf 86' lang='lat' dir='ltr'>modo</span> <span class='ocrx_word' id='word_1_305' title='bbox 541 4341 630 4390; x_wconf 89' lang='lat' dir='ltr'>Helen.</span> <span class='ocrx_word' id='word_1_306' title='bbox 656 4355 691 4390; x_wconf 86' lang='lat' dir='ltr'>vs.</span> <span class='ocrx_word' id='word_1_307' title='bbox 712 4342 885 4401; x_wconf 71' lang='lat' dir='ltr'>laos-1316,</span> <span class='ocrx_word' id='word_1_308' title='bbox 902 4342 943 4390; x_wconf 89' lang='lat' dir='ltr'>ubi</span> <span class='ocrx_word' id='word_1_309' title='bbox 960 4351 1031 4391; x_wconf 87' lang='lat' dir='ltr'>acute</span> <span class='ocrx_word' id='word_1_310' title='bbox 1048 4343 1116 4402; x_wconf 87' lang='lat' dir='ltr'>satis,</span> <span class='ocrx_word' id='word_1_311' title='bbox 1133 4345 1176 4390; x_wconf 89' lang='lat' dir='ltr'>sed</span> <span class='ocrx_word' id='word_1_312' title='bbox 1190 4343 1274 4406; x_wconf 85' lang='lat' dir='ltr'>jocose</span> <span class='ocrx_word' id='word_1_313' title='bbox 1291 4343 1371 4406; x_wconf 91' lang='lat' dir='ltr'>potius</span> 
     </span>
     <span class='ocr_line' id='line_1_39' title="bbox 300 4429 1370 4496; baseline 0.002 -16"><span class='ocrx_word' id='word_1_314' title='bbox 300 4449 372 4496; x_wconf 89' lang='lat' dir='ltr'>quam</span> <span class='ocrx_word' id='word_1_315' title='bbox 391 4431 496 4494; x_wconf 82' lang='lat' dir='ltr'>tragice,</span> <span class='ocrx_word' id='word_1_316' title='bbox 513 4430 637 4492; x_wconf 80' lang='lat' dir='ltr'>ambiguis</span> <span class='ocrx_word' id='word_1_317' title='bbox 648 4429 868 4479; x_wconf 80' lang='lat' dir='ltr'>verbisllelenaet</span> <span class='ocrx_word' id='word_1_318' title='bbox 878 4431 1007 4480; x_wconf 88' lang='lat' dir='ltr'>Menelaus</span> <span class='ocrx_word' id='word_1_319' title='bbox 1016 4431 1370 4496; x_wconf 83' lang='lat' dir='ltr'>ludificantTheoclymenurn.</span> 
     </span>
    </p>
   </div>
   <div class='ocr_carea' id='block_1_5' title="bbox 0 0 1582 5198">
    <p class='ocr_par' dir='ltr' id='par_1_13' title="bbox 0 0 1582 5198">
     <span class='ocr_line' id='line_1_40' title="bbox 0 0 1582 5198; baseline 0 1"><span class='ocrx_word' id='word_1_320' title='bbox 0 0 1582 5198; x_wconf 95' lang='lat' dir='ltr'> </span> 
     </span>
    </p>
   </div>
  </div>
 </body>
</html>
