3154 5198
785 406 823 465 71

1155 589 1202 628 ιιι

259 607 334 651 non
356 586 481 653 minore
499 587 573 672 jure
596 609 692 674 quam
718 587 777 651 “in
803 609 899 653 scena
921 587 1152 672 philosophum
1231 588 1338 673 poesis

257 721 379 768 vocare
411 701 470 764 “in
504 721 601 766 scena
630 703 812 766 oratorem''
832 710 856 778 ⁹3
889 721 954 765 non
985 700 1105 765 mirum
1136 700 1164 766 si
1188 701 1339 786 inprimis

258 810 327 878 hoc
349 812 480 877 nomine
503 811 692 897 saepissime
715 817 749 877 et
771 812 1055 878 vehementissime
1077 833 1149 878 enm
1164 812 1335 898 increpuit.

257 923 448 991 Afferamus
473 924 560 990 locos
585 923 701 990 comici
724 923 787 989 huc
810 923 1019 1009 pertinentes.

312 1037 347 1104 Si
380 1058 453 1104 vere
484 1035 586 1103 stetui
624 1035 685 1101 sub
723 1035 865 1102 Socratis
898 1055 1036 1121 persona
1070 1037 1168 1101 etiam
1203 1037 1335 1124 Euripi-

257 1151 341 1216 dem
363 1149 463 1236 plecti
490 1150 524 1216 in
547 1150 693 1216 Nuhinm
714 1147 826 1214 fabula
841 1153 869 1232 ³,
894 1170 932 1213 ea
954 1169 1035 1234 quse
1058 1149 1098 1214 de
1123 1150 1262 1218 Socratis
1283 1153 1335 1218 vel

255 1265 372 1350 potius
396 1263 644 1349 sophistarnm⁴
672 1261 758 1328 binis
779 1261 892 1348 λόγοις
915 1261 1054 1347 legimus
1077 1262 1140 1329 hue
1163 1266 1262 1331 etiam
1284 1289 1334 1332 re-

256 1375 394 1443 ferenda
425 1381 503 1442 sunt
519 1378 546 1455 β;
582 1384 616 1441 et
648 1375 799 1441 similiter
832 1381 949 1441 cuncta
977 1375 1122 1460 epitheta
1144 1378 1261 1463 quibus
1286 1402 1332 1446 vs.

257 1569 503 1578 ————--—--

253 1685 409 1749 ἀνθρώποις
425 1683 514 1748 μόνην.
539 1686 632 1735 Notata
650 1685 725 1734 etiem
742 1683 811 1748 digni
823 1691 880 1732 sunt
891 1684 916 1732 hi
927 1697 1010 1733 versus
1020 1697 1051 1733 ex
1062 1685 1193 1748 Antigone
1201 1686 1337 1750 Euripiden

255 1773 361 1838 (fragm.
381 1774 427 1826 170
443 1774 538 1836 Diaei:

454 1862 568 1911 oninium
585 1862 693 1918 Πειθοῦς
711 1861 766 1924 ἱρὸν
786 1860 851 1909 ἄλλο
869 1861 939 1919 πλὴν
954 1860 1045 1925 λόγος,

453 1953 495 1999 nai
511 1949 598 2015 βωμὸς
615 1950 695 2009 αὐτῆς
711 1947 763 1998 ἔστ’
780 1949 807 1997 ἐν
824 1947 962 2012 ἀνθρώπου
979 1949 1058 2012 φύσει.

294 2039 302 2068 ¹
338 2042 456 2098 Σκηνιιιδς
473 2040 610 2103 φιλόσοφος
626 2052 646 2086 e.
664 2053 689 2101 g.
707 2037 802 2087 Athen.
819 2037 867 2096 IV,
884 2051 941 2100 pag.
961 2039 1014 2088 158.

291 2126 303 2158 ²
337 2129 450 2188 Ποιητὴν
467 2126 596 2191 ῥηματίων
613 2126 752 2176 tanarum.
787 2125 867 2174 Arist.
883 2127 941 2175 Poe.
958 2140 993 2174 vs.
1010 2126 1065 2175 534.

291 2218 302 2247 ³
336 2217 409 2278 Quod
432 2231 506 2279 quam
523 2229 613 2264 verum
626 2215 670 2272 sit,
687 2220 756 2276 patet
772 2214 847 2263 etiam
863 2229 897 2264 ex
915 2214 1026 2263 versibus
1044 2214 1093 2264 920
1110 2229 1169 2279 sqq„
1187 2216 1230 2265 ubi
1246 2218 1335 2268 Justus

253 2307 298 2354 sic
317 2304 443 2367 lnjmtnm
459 2313 582 2352 cruorem
599 2301 743 2366 alloquitur:

716 2395 745 2442 ori
763 2392 788 2443 ti
806 2393 828 2457 γ’
846 2395 871 2442 εὖ
889 2394 1017 2452 πράττεις·

518 2483 600 2532 καίτοι
617 2481 746 2546 πρότερόν
760 2481 783 2546 γ’
802 2483 953 2546 terrigenae,

517 2572 628 2636 Τὴλιφος
645 2573 710 2620 eluar
727 2571 814 2628 Moerin
831 2573 946 2636 φάοιιιιν,

517 2662 543 2708 tn
561 2659 681 2722 πηριδίοιι

517 2749 618 2812 γνώμας
635 2749 738 2812 τρώγων
755 2749 959 2806 Πανδελιπείοιις.

252 2837 339 2900 Cujus
363 2837 410 2886 loci
432 2853 529 2887 sensum
546 2838 611 2886 hunc
628 2851 686 2886 esse·
698 2837 808 2888 ostendit
825 2839 996 2888 Hermannus:
1013 2840 1073 2902 “qui
1091 2841 1156 2890 mala
1171 2841 1222 2890 ista
1237 2842 1332 2891 dicendi

251 2927 363 2976 artificia
387 2935 413 2976 et
437 2927 540 2976 subtiles
566 2925 675 2976 fallaciae
699 2928 804 2980 doceant
823 2925 876 2988 jam
893 2927 1002 2977 multum
1016 2929 1135 2992 pecuniae
1151 2931 1280 2980 corradere
1297 2932 1331 2978 vi-

251 3026 359 3081 tamque
383 3031 459 3081 agere
483 3017 575 3066 lautam
600 3025 626 3065 et
642 3016 808 3079 splendidam
826 3017 886 3066 olim
903 3027 986 3067 antem
1002 3025 1138 3068 contemtos
1155 3019 1229 3069 fuisse
1246 3027 1271 3069 et
1288 3021 1331 3068 vix

252 3106 370 3156 habuisse
397 3108 461 3156 unde
486 3106 579 3155 vietum
595 3113 720 3168 pararent.
754 3106 783 3156 Id
800 3109 894 3154 comico
910 3107 1029 3170 carpendi
1046 3107 1172 3169 Euripidis
1188 3110 1331 3172 opportuni-

252 3203 335 3244 tatem
359 3195 477 3257 praebet,
501 3192 571 3256 enjus
595 3194 750 3257 Telephum,
767 3194 848 3243 multa
864 3193 990 3244 subtiliter
1006 3195 1183 3258 disputantem,
1198 3198 1331 3246 sententias

253 3283 428 3334 Pandeleteas
444 3298 477 3332 ex
495 3298 554 3346 pera
570 3297 662 3332 rorare
675 3282 759 3332 dieit.''
777 3311 808 3319 -·
825 3283 975 3333 Pandeletns
992 3293 1045 3333 erat
1061 3284 1210 3348 sycophanta
1226 3285 1330 3350 philodi-

252 3387 302 3421 cus
319 3382 344 3422 et
358 3372 594 3436 paphisauepels,
613 3381 674 3422 testa
692 3373 768 3422 schol

291 3463 301 3493 ⁴
334 3463 402 3514 Nam
424 3462 479 3526 ipse
501 3463 616 3514 Socrates
638 3463 685 3512 hoc
710 3463 812 3512 crimine
829 3463 912 3526 magis*
926 3463 1001 3513 etiam
1018 3477 1092 3526 qnam
1108 3465 1288 3528 caeterisquae
1306 3466 1330 3514 ei

255 3555 421 3603 intenduntur
446 3553 609 3603 absolvendas
632 3561 677 3602 est.
711 3555 733 3604 Il
758 3553 870 3603 Platonis
894 3553 966 3616 Reip.
986 3553 1050 3601 libro
1075 3553 1089 3602 1
1110 3568 1167 3604 enm
1183 3554 1274 3604 melius
1289 3569 1328 3603 eo

253 3656 376 3706 gnoscere
392 3642 462 3700 licet,
479 3642 519 3690 uhi
538 3642 752 3706 Thrasymachum
770 3622 921 3704 sophistam,
937 3640 1085 3703 injustitiam
1102 3643 1250 3692 laudantem
1261 3652 1286 3692 et
1302 3648 1330 3693 ιδ

253 3731 356 3780 δίκαιον
381 3733 426 3780 οὐκ
451 3733 516 3780 ἄλλο
543 3750 567 3779 τι
593 3733 608 3790 ἢ
635 3733 663 3780 τὸ
689 3733 733 3780 τοῦ
757 3731 900 3794 κρείττονος
927 3730 1051 3796 ξυμφέρον
1067 3733 1130 3780 εἶναι
1148 3735 1214 3796 (pag.
1231 3733 1280 3782 338
1296 3732 1327 3793 C)

252 3823 456 3879 contendentem,
473 3821 535 3870 salse
552 3833 576 3870 et
592 3809 725 3884 prudenter
742 3820 840 3870 refutat.

290 3909 303 3941 ⁵
334 3911 499 3975 suspendes,
524 3905 655 3974 postquam
681 3926 717 3960 vs.
742 3909 791 3960 244
816 3928 831 3959 a
854 3911 956 3961 Socrate
981 3913 1135 3975 impetrarit,
1156 3920 1184 3960 ut
1199 3926 1225 3959 se
1242 3912 1327 3960 doceat

254 4002 305 4048 τὸν
329 4000 414 4064 ἕτερον
438 4000 493 4063 ejus
518 4002 626 4066 λόγοιν,
653 4003 699 4050 τὸν
715 4000 793 4064 μηδὲν
810 3999 977 4061 ἀποδιδόντα,
994 4000 1056 4049 nihil
1072 4008 1154 4050 nmen
1172 4001 1197 4048 in
1213 4000 1328 4050 disoendo

254 4089 367 4152 proficit,
387 4104 444 4138 enm
461 4090 565 4138 nimium
582 4091 613 4138 sit
630 4091 734 4148 hortium
752 4089 834 4152 itaque
852 4088 934 4138 filium
947 4089 1124 4152 Phidippidem
1141 4090 1236 4140 Socrati
1252 4091 1328 4139 tradit

253 4176 445 4226 instituendum:
472 4192 554 4228 coram
580 4179 626 4228 hoe
652 4179 755 4227 habetur
779 4177 869 4226 nobilis
892 4176 934 4226 ille
950 4178 1017 4229 Jmti
1033 4184 1059 4228 et
1075 4178 1165 4242 Injusti
1181 4179 1259 4243 λόγου
1276 4179 1327 4228 sive

252 4267 361 4316 oratoris
386 4267 505 4330 dialogus.
527 4295 558 4304 --
580 4268 642 4316 Mox
664 4266 830 4330 Strepsiades,
848 4266 891 4314 filii
907 4281 972 4316 nova
988 4267 1127 4318 eruditione
1143 4269 1254 4332 adjutus,
1271 4283 1326 4317 cnm

254 4356 346 4415 Paete,
362 4356 402 4404 cni
418 4357 503 4414 debet,
522 4357 552 4404 de
570 4353 614 4420 ’ἕνῃ
632 4357 672 4405 uni
692 4355 735 4419 νέᾳ
754 4355 884 4418 sophistice
901 4356 1035 4420 disceptat,
1054 4357 1207 4422 alterumque
1223 4360 1329 4408 credito·

252 4460 311 4497 rem
329 4446 477 4510 Amyniam,
495 4459 540 4493 sua
556 4451 739 4506 reposcentem,
757 4443 841 4492 vaerris
858 4445 973 4494 manibus
989 4445 1104 4507 dimittit,
1119 4447 1154 4496 itu
1163 4449 1187 4498 ei
1196 4448 1327 4498 insultans:
