3180 5196
664 949 839 1027 CAPUT
865 949 941 1025 IX.

391 1168 570 1215 numerous
593 1168 628 1213 IN
651 1168 809 1214 VERSIBUS
832 1167 1017 1214 Pnucuunls
1040 1169 1204 1215 NOVATOR.

706 1337 898 1354 ΛΛΜΛΛΛΝἉΜ

313 1481 427 1565 Retio,
455 1503 553 1567 quam
577 1480 749 1566 Euripides
775 1481 810 1544 in
838 1481 984 1548 versibus
1005 1481 1187 1568 pangendis
1210 1486 1339 1546 secutus

264 1601 331 1679 est,
356 1616 422 1659 non
447 1593 556 1660 minus
583 1615 692 1660 severe
704 1593 744 1660 ab
761 1593 980 1679 Aristophane
993 1593 1228 1660 condemnatur
1243 1615 1341 1678 quam

265 1729 475 1795 quaeeunque
511 1709 553 1773 ad
593 1707 779 1774 dramatum
816 1708 1087 1794 compositionem
1124 1707 1341 1791 materiaeque

183 1855 186 1859 ·
265 1822 491 1890 tractationem
513 1821 687 1908 pertinent.
718 1822 783 1888 Hic
806 1822 906 1888 etiam
930 1821 1084 1908 quicquid
1112 1820 1189 1888 novi
1211 1819 1340 1905 excogi-

267 1933 350 2000 tavit
370 1940 404 2000 et
428 1933 582 2020 quicquid
601 1935 892 2020 apraecessoribus
905 1935 1086 2021 discrepare
1097 1935 1161 2001 sibi
1172 1933 1340 2021 permisit,

265 2048 388 2113 comico
413 2047 465 2112 vel
487 2068 525 2112 eo
549 2045 621 2132 ipso
643 2048 774 2122 nomine
797 2048 997 2133 culpandum
1020 2047 1157 2113 videtur.

312 2161 423 2227 Primo
454 2159 585 2246 quidem
619 2161 786 2228 videamus
819 2160 859 2226 de
893 2160 1037 2228 canticis.
1073 2161 1176 2226 Extat
1213 2159 1253 2225 de
1290 2159 1342 2224 his

265 2275 355 2340 locus
386 2294 540 2359 perquam
573 2274 747 2358 probrosus
785 2273 821 2338 in
846 2273 964 2356 Ranis,
992 2295 1039 2339 vs.
1066 2277 1151 2340 1298
1173 2295 1261 2359 sqq„
1285 2271 1342 2336 ubi

264 2386 447 2470 Aeschylus
470 2385 658 2452 imitaturus
683 2387 810 2452 cantica
835 2386 1014 2472 Euripidea
1035 2387 1082 2453 sio
1104 2387 1266 2472 loquitur:

386 2498 461 2565 ἀλλ’
484 2499 542 2566 οὖν
563 2502 625 2586 ἐγὼ
645 2504 701 2583 μὲν
723 2503 755 2576 ἐς
776 2502 812 2566 τὸ
835 2499 935 2566 καλὸν
956 2503 987 2565 ἐκ
1007 2506 1064 2565 τοῦ
1085 2499 1183 2564 καλοῦ

385 2606 518 2692 ἤνεγκον
540 2604 625 2677 αὔθ’,
645 2607 698 2671 ivn
718 2607 760 2689 μὴ
781 2609 838 2670 τὸν
859 2607 956 2684 αὐτὸν
979 2609 1129 2692 Φρυνίχῳ

386 2709 522 2792 λειμῶνα
544 2714 686 2776 Μουσῶν
707 2711 792 2797 ἱερὸν
813 2708 943 2795 ὀφθείην
966 2707 1098 2797 δρέπων·

387 2814 481 2888 οὗτος
503 2810 529 2879 δ’
550 2813 613 2879 ἀπὸ
634 2816 764 2880 πάντων
784 2819 841 2897 μὲν
863 2817 945 2901 φέρει
967 2811 1137 2901 πορνιδίων
1152 2816 1176 2887 ¹,

300 3013 308 3044 ¹
325 3015 468 3065 Lectionem
485 3017 625 3081 vulgatam,
641 3026 722 3068 metro
739 3024 922 3082 repugnantem
943 3019 993 3080 (-
1005 3044 1040 3069 ου
1053 3020 1115 3080 -t,
1132 3019 1244 3068 Kockius
1261 3019 1286 3067 in
1297 3033 1342 3068 sue

256 3104 374 3160 ‚editione
389 3104 438 3154 sibi
453 3108 598 3156 emendasse
616 3108 683 3156 visus
699 3114 744 3166 est,
760 3107 868 3170 legendo
879 3107 1098 3171 eaposvtov,qnod
1108 3108 1341 3172 voeabulsmneque

265 3195 347 3246 sensui
363 3195 423 3244 setis
439 3197 567 3260 congruit,
584 3212 664 3262 neque
681 3197 808 3249 Graecum
824 3207 870 3249 est,
903 3198 962 3247 Non
976 3197 1026 3246 alie
1042 3196 1159 3260 exempla
1174 3211 1188 3246 e
1205 3197 1275 3247 bonis
1292 3197 1341 3246 At·

266 3285 321 3333 ticis
342 3285 504 3349 scriptoribus
525 3287 601 3337 allata
624 3287 675 3336 vidi
696 3288 723 3336 in
744 3287 869 3336 Dindorfii
890 3286 1020 3336 Thesauro
1041 3301 1115 3349 quam
1134 3287 1214 3336 Arist.
1231 3286 1342 3335 Acheru.

268 3389 306 3422 vs.
322 3375 378 3432 981,
396 3377 531 3439 παροίνιος
547 3377 613 3442 ἀνὴρ
630 3378 687 3443 ἔφυ,
704 3393 736 3427 ex
751 3391 801 3441 quo
816 3377 869 3431 ioco
884 3384 981 3432 mmen,
998 3376 1171 3428 emendatione
1189 3391 1240 3425 non
1261 3375 1343 3434 dubie,

266 3465 378 3527 spurium
403 3465 448 3515 hoc
468 3464 616 3528 adjectivum
638 3466 722 3530 abegit
747 3467 797 3516 Vir
822 3466 888 3517 cler.
913 3466 1006 3526 Cobet,
1025 3466 1112 3530 legens
1133 3468 1256 3532 πάροινος
1276 3465 1342 3530 ἁνὴρ

267 3553 312 3615 ἔφυ
330 3551 388 3613 (vid
405 3553 568 3617 Mnemosyne
584 3553 642 3612 enni
662 3555 738 3612 1874,
755 3568 812 3618 pag.
830 3556 878 3604 tlt
894 3556 951 3618 sa).
985 3554 1034 3605 Sed
1051 3554 1090 3604 fae
1106 3555 1180 3606 licere
1196 3556 1342 3605 vocabulum

267 3649 319 3690 mm
336 3641 416 3690 malae
431 3651 502 3691 notae
518 3641 649 3691 obtrudere
666 3643 837 3706 Aristophani,
853 3643 914 3706 quid
929 3643 1092 3706 significabit?
1113 3643 1229 3694 Comicus
1245 3652 1342 3693 tantum

267 3733 299 3778 de
323 3731 466 3780 lwmtaibee
490 3731 568 3780 ebriis
591 3731 652 3780 dicit
674 3731 804 3796 πάροινος,
821 3731 862 3780 sin
878 3745 935 3780 eum
952 3747 1070 3796 cogemus
1087 3732 1154 3795 loqui
1170 3732 1257 3796 lingna
1273 3733 1341 3782 sebo

267 3819 402 3878 liasterum,
421 3821 541 3884 παροίνια
558 3821 594 3868 nil
611 3821 658 3870 nisi
676 3821 765 3870 σκόλια
783 3829 866 3881 erunt,
882 3836 945 3886 quae
962 3823 1077 3886 proximo
1093 3837 1166 3872 versu
1176 3823 1343 3872 nominentur.

268 3907 329 3956 vid.
353 3909 404 3958 sch,
426 3911 505 3974 Vesp.
529 3912 604 3961 12³1:
628 3913 714 3961 σκολιὰ
736 3913 768 3961 τὰ
786 3913 906 3976 παροίνια
921 3911 997 3976 μέλη,
1015 3913 1039 3960 ib
1066 3914 1142 3965 12172
1159 3915 1190 3962 τὰ
1208 3913 1307 3973 σκολιά,
1326 3916 1342 3962 ἅ

268 3994 315 4043 εἰσι
333 3998 457 4061 παροίνιοι
472 3997 543 4062 attat.

300 4085 358 4134 Non
376 4085 472 4136 felicior
487 4087 585 4138 Koekio
600 4088 626 4136 in
642 4095 726 4138 nostro
742 4087 796 4137 loco
812 4088 959 4152 corrigendo
974 4089 1036 4139 olim
1053 4090 1099 4138 suit
1116 4092 1250 4149 Personas,
1271 4092 1342 4156 cujus

268 4173 410 4235 conjecture
426 4173 511 4234 (οὗτος
528 4172 548 4222 δ’
566 4174 618 4222 ἀπὸ
637 4173 744 4222 πάντων
761 4173 900 4238 πορνιδίων
916 4173 977 4237 μέλη
995 4173 1070 4239 φέρει)
1088 4183 1232 4226 contextum
1241 4191 1343 4241 prorsus

269 4265 402 4326 perturbet.
436 4263 501 4312 Mihi
520 4264 546 4312 in
563 4271 672 4313 mentem
691 4264 773 4313 venit:

461 4351 534 4410 οὗτος
552 4352 572 4401 δ’
590 4353 642 4401 ἀπὸ
661 4352 766 4402 πάντων
782 4355 827 4415 μὲν
846 4351 917 4416 φέρει,
938 4352 1033 4416 πόρνης
1050 4351 1134 4414 δίκην,

269 4441 295 4489 id
312 4449 360 4490 est:
379 4441 420 4490 bie
437 4458 503 4500 nero,
519 4457 564 4490 cca
581 4444 717 4500 meretrix,
734 4457 749 4488 a
767 4441 878 4503 quolibet
896 4442 995 4491 luctam
1012 4444 1091 4505 capit.
