3154 5198
729 392 813 480 ee¹

212 571 339 653 abiens,
381 577 519 656 quatuor
559 594 670 638 versus
699 573 815 638 recitat
848 573 1078 658 frigidissimos
1105 576 1124 638 ¹.
1174 576 1288 642 Medea

212 705 355 769 quoque,
382 683 459 748 dum
485 685 603 770 liberos
628 708 648 750 a
672 707 706 750 se
730 686 870 751 dimittit
890 708 970 772 quos
995 688 1084 753 brevi
1107 697 1289 757 mactatura

212 803 279 881 est,
304 797 339 862 in
361 798 427 863 line
453 798 572 863 nobilis
596 799 817 885 monologiae,
837 799 910 884 jure
933 822 1060 886 semper
1084 810 1117 868 et
1140 807 1287 870 certatim

212 911 379 993 laudatae,
408 932 473 976 non
508 917 616 995 potest
640 913 718 996 quin
742 913 872 977 doctam
895 912 994 977 addat
1018 916 1248 981 sententiolam
1264 918 1286 981 ⁹.

212 1200 262 1248 scio
278 1199 305 1247 in
322 1197 445 1260 Aeschyli
462 1198 643 1247 Eumenidibns
659 1202 765 1248 eundem
782 1215 880 1250 sensum
898 1203 1019 1264 exprimi;
1037 1205 1080 1251 sed
1097 1206 1145 1253 duo
1156 1205 1288 1255 cumidem

211 1289 310 1345 dicunt,
327 1303 376 1336 non
394 1297 432 1336 est
448 1287 522 1337 idem.
557 1289 690 1352 Euripides
708 1290 747 1338 hic
763 1305 872 1354 queque,
890 1302 916 1338 ut
932 1291 991 1339 alibi
1007 1292 1062 1355 plus
1078 1293 1162 1352 semel,
1173 1294 1289 1358 Aeschy-

210 1379 264 1428 lum
280 1389 438 1442 praepostere
454 1378 566 1428 imitatus
583 1390 628 1430 est.
663 1381 739 1442 Apud
756 1381 822 1428 hunc
839 1395 888 1431 non
904 1382 958 1444 ipse
976 1381 1089 1441 Orestes,
1101 1383 1290 1432 sedeensidicus

212 1469 317 1532 Apollo,
334 1468 373 1517 cui
391 1468 470 1517 multo
487 1468 582 1518 facilius
598 1471 721 1519 condones
738 1471 849 1533 argutias
862 1471 1054 1535 forensesquam
1062 1472 1109 1534 ipsi
1117 1451 1289 1537 μητροκτόνω,

210 1559 267 1632 ideo
292 1558 339 1607 hoc
362 1567 509 1622 argumento
536 1559 615 1608 utitur
632 1565 662 1608 nt
672 1561 767 1623 probet
785 1560 843 1624 (qua
859 1562 889 1610 de
904 1575 932 1610 re
949 1563 974 1608 in
992 1562 1125 1624 Euripidae
1142 1553 1224 1610 sabula
1240 1575 1291 1609 non
1369 1583 1372 1592 ·

212 1648 305 1711 agitur)
323 1664 373 1697 oon
394 1649 516 1698 aduersae
532 1665 605 1698 κιιιινι
621 1652 771 1714 οοηριιωιονι
788 1665 902 1713 pertertare
924 1651 1046 1701 Orestem.
1078 1652 1198 1716 Aeschyli
1214 1653 1290 1701 verba

212 1736 273 1785 haee
289 1747 346 1784 suut
364 1736 409 1798 (vs.
427 1737 476 1786 652
493 1739 566 1802 sqq.):

314 1850 411 1899 Chorus
428 1851 608 1902 Alimentdum.

440 1946 496 1998 πῶς
513 1943 561 2005 γὰρ
579 1943 608 1990 τὸ
625 1942 725 2006 φεύγειν
742 1941 808 1991 τοῦδ’
828 1940 968 2005 ὑπερδικεῖς
985 1943 1042 2006 ὅρα.

439 2031 466 2078 τδ
483 2031 579 2093 μητρὸς
595 2029 648 2095 αἷμ’
666 2029 776 2095 ὅμαιμον
793 2031 881 2094 ε’κχέος
899 2030 983 2093 πέδοι,

440 2117 515 2167 ἔπειτ’
532 2117 559 2166 ἐν
572 2117 657 2182 Ἀργει
673 2115 767 2183 δώματ’
786 2117 881 2178 οἰκήσει
899 2121 1010 2183 πατρός;

441 2207 535 2256 ποίοισι
552 2209 650 2270 βωμοῖς
667 2208 798 2271 χρώμενος
816 2212 870 2265 τοῖς
888 2206 998 2272 δημίοις;

440 2297 505 2345 τοία
522 2295 546 2345 δὲ
564 2295 654 2360 χέρνιψ
671 2295 802 2360 φρατέρων
819 2282 991 2360 τροςδθξεταη
1043 2319 1045 2323 ’

312 2412 410 2474 Apollo.

450 2503 584 2562 retroire
602 2503 677 2564 λέξω,
694 2504 734 2550 καὶ
751 2503 810 2568 μάθ’
828 2505 861 2561 ὡς
878 2504 958 2568 ὀρθῶς
976 2506 1030 2568 ἐρῶ.

445 2593 489 2640 οὐκ
506 2594 559 2642 ἔστι
574 2593 655 2657 μήτηρ
672 2593 688 2652 ἡ
705 2593 843 2658 κεκλημένη
862 2594 950 2644 τέκνον

441 2681 541 2744 τοκεύς,
559 2685 651 2748 τροφὸς
668 2684 692 2733 δὲ
710 2684 823 2748 κύματος
840 2685 992 2748 νεοσπόρου.

247 2822 412 2887 caeteroquin
437 2825 502 2886 apud
524 2823 679 2887 Aeschylum
702 2837 801 2886 quoque
825 2822 868 2871 illo
893 2822 958 2872 dicte
983 2823 1089 2874 libenter
1114 2840 1237 2883 carerem,
1262 2834 1291 2873 ut

214 2911 241 2958 in
267 2911 407 2975 Ὀρεστείας
431 2913 519 2962 fabulis
540 2922 627 2977 pectus
651 2927 701 2961 non
726 2927 782 2960 raro
807 2913 925 2963 desidero.
960 2913 1064 2963 Certum
1090 2923 1128 2964 est
1144 2915 1290 2978 Euripidem

214 3017 266 3051 non
291 3003 370 3066 magis
398 3003 503 3052 feliciter
531 3003 571 3052 hic
596 3003 716 3067 Aeschyli
743 3002 851 3065 vestigia
878 3017 991 3065 premere
1021 3019 1095 3066 qnam
1120 3004 1179 3053 alibi
1205 3005 1236 3053 eb
1260 3019 1290 3052 eo

214 3091 325 3143 discedit.
985 3159 989 3164 ι

248 3183 363 3246 Denique
386 3183 452 3246 apud
478 3181 645 3244 Aeschylum,
669 3179 768 3229 feminei
794 3195 869 3229 sexus
892 3188 1082 3240 contemtorem,
1107 3182 1185 3230 multe
1210 3182 1291 3231 nunus

214 3272 355 3321 offensionis
378 3272 451 3321 hebet
466 3271 523 3320 talis
539 3271 673 3329 sententia,
690 3286 764 3334 quem
780 3271 806 3318 in
823 3270 952 3334 tragoedia
967 3270 1108 3333 Euripidis,
1125 3271 1167 3334 qui
1184 3271 1290 3321 fortasse

215 3361 331 3411 mulieres
356 3363 452 3420 oderat,
480 3362 523 3409 sed
549 3376 590 3410 ees
614 3361 668 3408 sine
693 3359 767 3408 dnbio
788 3373 838 3408 non
859 3358 1038 3422 vilipendebat,
1060 3362 1129 3410 etin
1145 3361 1246 3420 fabulis,
1263 3370 1292 3408 ut

215 3451 316 3514 posthac
332 3450 470 3502 videbimus
486 3450 558 3514 (Cap.
574 3452 634 3514 VI),
651 3449 744 3513 primas
761 3449 812 3498 fere
829 3458 912 3512 partes
929 3450 959 3498 iis
975 3450 1069 3500 tribuit.

249 3541 258 3572 ¹
290 3541 416 3591 Phoeniss.
447 3555 483 3589 vs.
516 3542 578 3590 1022
607 3555 673 3603 sqq.,
698 3540 745 3588 boe
770 3553 855 3588 sensu:
882 3539 945 3589 hene
971 3555 996 3590 se
1022 3541 1143 3592 haberent
1165 3541 1289 3600 civitatee,

215 3634 236 3681 si
260 3646 346 3681 omnes
369 3632 435 3680 cives
459 3631 608 3693 reipublicae
632 3630 797 3679 consulerent.
830 3630 909 3682 “Cive
938 3630 1015 3694 digna
1037 3631 1172 3681 sententia''
1189 3631 1290 3681 adnotat

215 3723 403 3773 Valckenarius.
437 3723 495 3770 Non
520 3735 597 3784 nego,
621 3722 694 3769 modo
719 3735 763 3784 per
788 3735 814 3770 se
835 3721 947 3785 legetur,
968 3729 1099 3770 contextus
1121 3721 1190 3768 nulla
1206 3720 1289 3769 habita

215 3811 319 3861 ratione.
599 3865 607 3885 Ι

248 3901 259 3932 ²
290 3903 424 3964 Postquam
450 3915 541 3963 magno
566 3915 622 3949 cum
648 3899 737 3949 affectu
759 3898 886 3948 horrificos
907 3911 995 3949 versus
1012 3899 1087 3960 fudit,
1104 3914 1200 3948 eamme
1216 3905 1290 3963 poeta

215 3991 303 4055 dignos
321 3991 400 4052 (Med.
420 3992 483 4042 1078
499 3992 552 4054 sq.):

441 4083 482 4129 καὶ
499 4080 621 4145 μανθάνω
637 4082 683 4144 μὲν
700 4080 741 4129 οἶα
759 4079 822 4142 δρᾶν
837 4077 920 4142 μέλλω
937 4079 1013 4138 κακά,

441 4172 519 4236 θομδς
536 4171 561 4220 δὲ
578 4170 700 4235 κρείσσων
716 4174 768 4219 τῶν
784 4170 850 4232 ἐμῶν
865 4167 1058 4231 βουλευμάτων,

215 4261 308 4312 utinam
333 4278 346 4312 e
369 4275 443 4311 scene
459 4260 620 4310 discessisset!
656 4259 706 4310 Sed
722 4266 782 4309 tunc
797 4271 845 4306 non
861 4270 921 4306 vere
938 4261 1003 4308 esset
1019 4253 1122 4305 heroine
1139 4256 1288 4320 Euripidem

214 4351 323 4401 subsistit
339 4351 418 4402 adhuc
434 4358 462 4399 ut
477 4365 555 4400 unum
572 4349 721 4399 versiculum
739 4348 812 4396 addat
828 4359 929 4410 prorsus
942 4343 1058 4408 jejunum

442 4440 520 4504 ὅσπερ
536 4443 661 4506 μεγίστων
678 4440 759 4496 αἴτιος
776 4441 859 4486 κακῶν
875 4436 989 4498 βροτοῖς.
