3150 5196
739 374 781 438 45

218 557 288 622 ista
309 535 410 622 animi
429 557 461 622 vi
483 556 694 642 procreatrioe
719 579 801 643 quae
825 545 980 623 fecundat
1003 557 1130 623 semina
1153 564 1298 644 recepta3

216 693 289 736 non
322 677 440 736 texunt
470 671 527 736 sed
558 677 739 754 consuunt,
768 693 832 736 non
859 671 985 736 faciunt
1009 673 1065 736 sed
1089 680 1299 759 componunt,

218 809 288 850 non
313 808 353 850 ex
376 806 440 850 uno
465 785 625 870 principio
645 785 811 850 deducunt
829 785 932 850 varias
945 792 1072 870 purten,
1089 786 1146 851 sed
1158 785 1300 851 diversas

221 905 332 986 partes
363 898 438 963 hine
465 898 557 962 illinc
583 903 745 983 correptas
780 899 814 962 in
850 920 950 963 unum
976 897 1202 985 conglutinare
1227 908 1298 965 stu-

221 1013 318 1096 dent,
354 1017 387 1076 et
418 1018 457 1075 ut
491 1010 596 1075 multa
635 1010 801 1095 proferant
836 1011 942 1076 multa
979 1013 1079 1077 etiam
1116 1014 1300 1099 acceperint

221 1145 352 1189 necesse
376 1131 433 1189 est.

268 1237 443 1322 Tragoedia
473 1256 547 1300 vero
579 1256 655 1320 prae
683 1235 815 1321 reliquis
850 1238 956 1321 poesis
991 1239 1163 1324 generibus
1194 1241 1301 1325 poscit

221 1350 362 1435 simplex
385 1357 624 1434 argumentum.
675 1349 745 1429 Quo
771 1352 944 1434 “potenter
968 1351 1085 1436 lecto'’,
1112 1375 1179 1417 non
1203 1355 1300 1419 verba

220 1463 317 1527 modo
350 1483 414 1526 non
449 1461 554 1525 invita
589 1468 782 1546 sequentur,
818 1463 873 1527 sed
909 1470 979 1528 tota
1008 1463 1138 1530 fabulae
1170 1474 1300 1532 textura

220 1577 343 1642 sensim
367 1575 503 1642 ducetur
526 1574 597 1639 sine
620 1575 783 1659 hiatibus,
809 1582 842 1641 et
863 1598 928 1641 non
947 1599 1027 1662 opus
1043 1579 1152 1645 eritut
1167 1580 1298 1646 aliunde

219 1697 374 1776 petantur
404 1688 526 1771 fulcra,
559 1687 676 1774 quibus
712 1689 778 1754 tela
817 1690 1060 1774 compositionis
1095 1698 1295 1759 annectatur.

219 1803 333 1888 Neque
356 1803 500 1889 profecto
523 1781 602 1867 artis
627 1811 677 1868 est
698 1803 898 1886 reconditae,
923 1826 997 1868 cum
1022 1805 1298 1890 ipsepoetanorit

220 1938 374 2002 quorsum
413 1916 523 1981 omnia
558 1917 626 1982 sint
659 1938 807 2000 evasura,
845 1917 990 1982 invenire
1025 1919 1184 1984 nonnulla
1217 1943 1304 2005 quae·

220 2031 323 2098 exitui
347 2031 568 2116 praeparando
593 2019 772 2097 inserviant
779 2057 787 2108 ;
812 2031 1006 2096 facillimum
1026 2055 1101 2098 vero
1122 2042 1172 2099 est
1193 2035 1298 2099 multa

220 2146 292 2212 sine
323 2127 509 2210 discrimine
533 2145 567 2208 in
589 2144 734 2210 fabulam
760 2167 931 2230 congerere
957 2153 991 2211 et
1012 2147 1071 2212 hac
1097 2148 1170 2231 ipsa
1192 2149 1296 2214 varie·

220 2268 289 2326 tate
321 2259 464 2324 detinere
497 2263 717 2343 spectatorum
748 2259 883 2323 animos.
934 2260 998 2325 Sed
1024 2259 1104 2324 talia
1127 2261 1297 2324 commoda
1380 2247 1382 2252 ⁵

220 2382 255 2440 et
276 2372 464 2458 adjumenta
488 2393 582 2435 verus
607 2353 750 2456 tragicus
776 2379 979 2449 contemnet3
1005 2393 1213 2458 quaecunque
1229 2395 1294 2438 non

220 2510 263 2552 ex
285 2486 358 2572 ipso
381 2489 574 2571 argumento
596 2485 804 2551 efflorescunt
828 2507 923 2570 aegre
946 2486 1110 2569 admittet,
1135 2494 1169 2551 et
1191 2487 1220 2552 si
1242 2487 1293 2551 in-

220 2601 349 2665 terdum
381 2599 528 2684 episodia
559 2621 640 2684 quae
670 2598 841 2683 dicuntur,
867 2599 924 2664 ubi
948 2605 1023 2685 apte
1045 2600 1203 2666 collocari·
1219 2623 1294 2686 pos-

220 2721 317 2798 sunt,
342 2713 472 2779 fabulae
495 2714 688 2778 intertexere
711 2734 776 2777 non
800 2713 1006 2798 dedignatur,
1026 2737 1066 2778 ne
1081 2720 1151 2779 tum
1163 2715 1294 2800 quidem

219 2827 429 2894 obliviscetur
460 2828 559 2914 legis,
600 2816 682 2913 quae
715 2828 745 2892 ei
779 2834 891 2893 sancta
925 2835 994 2912 est,
1027 2827 1231 2913 simplicitati
1262 2835 1294 2894 et

218 2941 340 3007 unitati
363 2941 468 3027 operis
492 2949 568 3006 ante
591 2941 701 3006 omnia
724 2942 892 3006 consulere
912 2941 1068 3026 jubentis.

185 3143 187 3148 Ι
267 3054 373 3134 Quum
405 3063 514 3121 autem
545 3055 595 3119 vis
627 3055 685 3119 illa
715 3055 876 3120 divinitus
898 3055 1037 3120 creatrix
1060 3077 1124 3118 non
1142 3076 1293 3121 concessa

219 3167 319 3232 fuerit
350 3167 518 3252 Euripidi,
555 3187 618 3231 non
645 3167 765 3231 mirum
789 3172 839 3231 est
862 3165 910 3249 si,
936 3187 1170 3251 nonnunquam
1194 3173 1291 3251 certe,

219 3279 336 3348 incidit
367 3282 401 3345 in
432 3303 468 3345 ea
505 3302 586 3366 quae
610 3279 752 3344 indicavi
775 3277 857 3343 vitia
880 3284 929 3360 et,
955 3277 1167 3363 simplicitate
1191 3281 1292 3367 tragi-

219 3416 329 3460 corum
361 3401 627 3479 argumontorum
651 3392 781 3478 relicta,
806 3392 840 3455 in
865 3390 1084 3476 compluribus
1108 3391 1229 3458 fabulis
1252 3395 1293 3459 ad

219 3508 328 3573 minus
353 3529 497 3573 severam
520 3507 705 3572 comoediae
729 3513 925 3571 structuram
950 3505 1094 3572 accessit.
1135 3505 1209 3570 Non
1224 3513 1290 3572 tam

218 3621 386 3707 gregarius
418 3626 527 3686 tamen
550 3627 619 3686 erat
642 3627 753 3705 poeta,
780 3619 859 3704 quin
884 3640 901 3684 e
924 3618 1068 3703 simplici
1091 3640 1218 3704 quoque
1241 3643 1291 3683 ar-

218 3740 375 3818 gumento
398 3733 542 3820 potuerit
568 3734 683 3798 ducere
706 3731 837 3816 plenam
862 3731 949 3796 succi
973 3752 1207 3816 nervorumque
1226 3740 1290 3797 tra-

217 3845 386 3932 goediam:
418 3851 518 3911 testes
547 3851 624 3910 suut
654 3843 802 3930 egregiae
836 3845 912 3910 illae
935 3845 1064 3909 fabulae
1089 3844 1290 3930 Hippolytus

218 3969 252 4024 et
274 3961 389 4032 Medea
405 3971 425 4024 ¹.
476 3959 539 4025 Sed
568 3965 677 4024 tamen
700 3959 827 4043 saepius
856 3957 889 4021 in
914 3975 951 4022 ea
976 3979 1009 4021 re
1033 3958 1143 4042 lapsus
1168 3967 1228 4040 est,
1254 3970 1291 4024 ut

252 4166 261 4197 ¹
294 4168 335 4216 Ex
360 4167 404 4214 hac
430 4176 511 4213 tamon
536 4166 621 4213 obesse
646 4163 746 4210 mallem
772 4161 832 4210 illud
857 4161 990 4222 episodiunr
1010 4175 1086 4222 paone
1111 4160 1233 4211 ludicrum
1260 4165 1290 4213 de

219 4258 314 4319 Aegeo,
347 4256 435 4318 Neque
460 4254 533 4301 aliter
553 4253 647 4315 judicat
671 4250 843 4300 Bernhardius,
864 4265 919 4312 pag.
942 4251 1001 4297 455:
1021 4251 1079 4298 “dua
1095 4250 1223 4314 Gaspraeh
1241 4257 1290 4303 und

218 4347 278 4394 “der
302 4347 376 4394 Bund
402 4345 449 4400 mit,
472 4345 574 4406 Aegeus
598 4343 632 4390 ist
656 4342 696 4390 ein
718 4341 808 4389 ebeoso
829 4339 1011 4403 mangclhastes
1036 4341 1072 4388 als
1090 4342 1290 4406 iiberh'dugendes

220 4435 309 4484 “omo
329 4438 372 4485 ser
390 4435 566 4487 ceronomar
600 4433 639 4484 of.
658 4417 736 4482 mat.
753 4439 817 4495 poa.
833 4431 872 4481 aa.
