3180 5196
830 434 871 496 88

363 617 427 684 Sed
460 618 521 684 hoo
556 619 664 703 ipsum
699 622 768 683 erat
801 617 889 703 qnod
912 613 1108 701 improbavit
1135 609 1393 693 Aristophanes3

316 731 441 798 sedicet
463 732 516 797 hio
539 752 666 817 quoque
688 731 849 797 comicum
872 736 905 803 et
929 727 1091 814 tragicum
1115 726 1282 792 dividebat
1304 723 1390 789 illud

317 843 491 910 discrimen
509 842 579 929 jam
599 843 728 930 saepius
743 848 914 925 notatum,
928 864 1049 908 novum
1062 842 1148 906 inter
1159 844 1193 904 et
1207 837 1391 923 antiquum.

318 955 423 1036 Quam
457 956 593 1022 obscura
623 963 657 1021 et
674 956 789 1042 jejuna
811 962 898 1022 esset
921 956 991 1021 vita
1013 952 1188 1019 mulierum
1211 950 1395 1016 Athenien-

318 1067 404 1135 sium
416 1073 450 1134 et
460 1089 558 1154 quam
569 1090 670 1154 parva
680 1069 853 1135 haberetur
864 1091 976 1136 earum
988 1068 1083 1151 ratio,
1097 1067 1178 1133 satis
1190 1071 1306 1131 notum
1324 1068 1392 1140 est3

318 1180 479 1266 ingenuae
500 1180 645 1266 puellae,
668 1181 848 1267 parietibus
870 1186 1046 1268 pateruae,
1072 1179 1189 1246 deinde
1211 1174 1393 1261 conjugalis

319 1292 436 1358 domus
458 1291 620 1376 inclusae,
637 1291 721 1358 nihil
736 1293 828 1359 aliud
837 1293 901 1359 sibi
912 1293 1114 1359 destinatum
1127 1289 1281 1356 videbant
1294 1309 1393 1374 quam

261 1438 264 1441 ·
319 1418 358 1470 ut
387 1403 506 1470 liberos
532 1411 737 1489 procrearent
764 1411 798 1473 et
819 1428 985 1472 servarum
1009 1404 1148 1490 opificiis
1168 1407 1354 1489 praeessent
1372 1406 1394 1478 ¹3

319 1538 423 1600 neque
456 1516 498 1581 ad
535 1509 588 1582 eas
622 1515 799 1585 efferebant
833 1517 923 1602 proci
966 1517 1132 1586 flammam
1166 1516 1394 1582 intemeratam

319 1791 363 1839 “in
380 1790 447 1839 ihrer
463 1790 515 1839 Art
530 1803 580 1839 ron
597 1788 641 1838 der
656 1787 770 1852 griissten
788 1787 938 1846 Sohdnheit3
954 1787 1013 1837 eber
1021 1788 1057 1836 sie
1066 1786 1120 1835 sind
1131 1787 1214 1836 wader
1228 1784 1396 1835 kdnatlerisch

317 1880 398 1928 “noch
422 1879 512 1929 sittlich
536 1879 604 1940 rein,
627 1877 680 1928 und
703 1878 888 1942 Aristophanes
908 1878 1043 1936 Vorwurf,
1059 1879 1115 1927 dass
1131 1879 1175 1926 der
1190 1875 1296 1927 Dichter
1322 1877 1397 1926 keine

318 1969 462 2032 “Penelope
478 1983 510 2016 au
526 1967 649 2018 achildem
664 1969 797 2032 rermdge,
814 1966 984 2017 voukommen
999 1966 1164 2030 begrdndot.”

353 2059 402 2108 Hie
426 2067 509 2106 tamen
524 2057 607 2106 virum
623 2071 743 2121 magnum
761 2056 823 2107 duas
839 2071 879 2106 res
895 2056 1047 2107 confundere
1062 2055 1159 2119 opinor.
1192 2053 1281 2106 Altera
1297 2055 1397 2118 quidem

322 2148 348 2195 in
365 2145 477 2194 confesso
492 2152 543 2203 est,
560 2145 706 2209 Euripidem
723 2145 906 2195 commovendis
922 2160 1070 2211 quocunque
1081 2147 1156 2195 modo
1166 2145 1308 2208 pectoribus
1316 2144 1397 2194 inteu-

320 2245 387 2296 tum,
409 2250 458 2287 uon
475 2249 516 2284 aas
533 2236 640 2299 tragicas
657 2250 775 2298 personas
791 2237 838 2286 sibi
855 2237 1024 2301 depingendae
1041 2236 1134 2300 eligere
1151 2250 1213 2299 quaa
1230 2249 1326 2285 morum
1342 2243 1398 2283 tau·

320 2332 374 2374 tum
391 2325 496 2388 puritate
512 2323 657 2388 ingeniique
672 2325 779 2374 candore
789 2339 817 2374 se
828 2327 1016 2385 commendent,
1027 2326 1071 2374 sed
1082 2325 1144 2375 tales
1155 2325 1320 2389 potissimum,
1331 2337 1398 2388 quae

323 2415 439 2464 violentie
454 2413 532 2463 animi
547 2413 655 2463 motibus
670 2413 778 2477 agitatae
794 2421 825 2463 et.
837 2413 971 2477 Insigniter
988 2413 1112 2474 infelices,
1128 2413 1273 2478 spectatoris
1286 2419 1398 2462 mentem

321 2519 396 2567 quam
419 2503 530 2556 maxime
556 2503 664 2552 afficiant
687 2503 864 2567 quatiuntque,
880 2504 969 2568 suique
985 2504 1098 2556 misereri
1114 2510 1213 2568 cogent.
1247 2502 1326 2566 Atqui
1342 2501 1398 2558 hoo,

216 2601 218 2603 ’
323 2592 434 2656 quemvis
450 2607 553 2654 rerum,
570 2606 619 2642 non
634 2593 792 2656 vituperatur
808 2592 861 2642 loco
877 2607 891 2642 e
909 2593 1173 2657 Thesmophoriasusis
1184 2592 1268 2651 allato,
1279 2591 1399 2655 sedquod

321 2683 455 2746 Euripides
480 2683 597 2733 mulieres
622 2681 706 2731 mahta
729 2683 810 2746 potius
833 2697 906 2746 quam
931 2683 1007 2732 bonas
1029 2684 1056 2732 in
1072 2697 1172 2732 scenam
1188 2680 1295 2732 duxerit.
1328 2681 1399 2730 Istuc

322 2787 383 2822 vero
408 2773 432 2822 ei
459 2787 508 2822 non
532 2771 624 2837 injuria
648 2773 679 2821 ab
702 2773 872 2836 Aristophane
893 2787 946 2822 esse
968 2773 1103 2836 objectum,
1123 2787 1172 2823 non
1189 2771 1251 2820 mihi
1267 2769 1401 2833 persuadet

324 2861 507 2920 Mommsenns,
526 2887 558 2897 -
575 2860 624 2909 nisi
640 2859 703 2910 forte
720 2860 852 2924 Polyxene
868 2875 965 2926 qnoque
980 2876 1054 2925 quam
1065 2861 1188 2920 nominat,
1199 2858 1240 2910 vel
1252 2857 1401 2923 iphigenia,

235 2973 236 2976 ¹
267 2929 270 2936 ¹
324 2953 451 3012 πονηραῖς
467 2947 638 3012 potiusquam
655 2949 765 3012 σώφροσι
779 2948 928 2998 mulieribus
944 2949 977 2998 sit
993 2950 1151 2999 accensenda.

359 3036 366 3068 ¹
386 3037 422 3087 Ut
438 3037 569 3087 remeatis
584 3037 710 3101 cognitam
727 3051 778 3086 uno
796 3039 914 3102 exemplo
930 3038 1069 3098 illustrem,
1083 3039 1146 3088 bene
1157 3037 1218 3088 mihi
1229 3038 1330 3086 videtur
1340 3050 1400 3084 cnm

326 3126 502 3190 Aristophanis
518 3133 572 3176 tum
588 3135 742 3177 caeterorum
759 3126 812 3190 ejus
828 3129 949 3193 temporis
967 3128 1095 3177 homiuum
1112 3128 1196 3191 opinio
1212 3128 1242 3176 de
1253 3124 1401 3176 mulieribus

324 3215 432 3278 exprimi
448 3215 530 3264 verbis
547 3229 610 3278 quse
626 3215 707 3280 primo
723 3223 811 3279 poetae
827 3217 934 3276 comico,
954 3216 1095 3276 susurroni,
1112 3215 1280 3266 attribuuntur
1295 3228 1311 3262 a
1328 3213 1404 3263 seho-

325 3302 396 3351 liasta
414 3302 529 3367 Dionysii
545 3303 636 3354 Thrac.
653 3319 710 3368 pag.
727 3305 789 3356 748:

584 3392 685 3443 ἀκούετε
701 3394 777 3455 λεώς,
796 3395 942 3460 Σουσαρὶων
959 3393 1024 3460 λέγει
1040 3393 1113 3456 τάδε,

584 3482 637 3540 υἱὸς
653 3483 771 3545 Φιλίνου,
789 3483 935 3549 Μεγαρόθεν
952 3485 1139 3549 Τριποδίσκιος·

586 3573 664 3622 κακὸν
677 3577 807 3637 γυναῖκες·
825 3571 882 3622 ἀλλ’
900 3573 979 3637 ὅμως,
997 3574 1151 3639 dinarium,

587 3662 632 3710 οὐκ
648 3661 717 3712 ἔστιν
734 3661 811 3712 οἰκεῖν
828 3662 910 3713 οἰκίαν
927 3664 987 3713 ἄνευ
1004 3667 1089 3714 κακοῦ.

328 3751 370 3812 (ex
379 3749 487 3800 Stobseo
497 3750 570 3813 adde)
588 3754 629 3798 rai
646 3753 693 3814 γὰρ
710 3751 739 3799 τὸ
757 3754 834 3815 γῆμαι
854 3752 895 3800 καὶ
912 3753 941 3801 τὸ
958 3753 993 3818 μή
1009 3757 1089 3817 γῆμαι
1105 3755 1192 3804 κακόν.

358 3839 438 3888 Juvat
453 3838 588 3902 appingere
614 3838 689 3886 rerba
713 3837 811 3889 Metelli
837 3839 962 3889 Numidici
986 3855 1019 3890 ex
1035 3842 1159 3902 oratione,
1175 3857 1250 3906 quam
1266 3843 1403 3907 Augustus

327 3926 539 3996 recitavitpquum
564 3929 599 3977 de·
616 3929 762 3977 maritandis
783 3929 910 3977 ordinibus
927 3930 980 3993 egit
996 3929 1022 3978 in
1039 3940 1141 4004 senatu:
1158 3933 1197 3981 “si
1211 3931 1263 3980 siue
1281 3931 1402 3982 uxoribus

326 4017 469 4078 “possemus
494 4015 604 4077 Quirites
628 4031 696 4076 esse,
719 4030 805 4065 omnes
825 4031 855 4066 ea
871 4017 986 4066 molestia
1003 4033 1156 4076 careremns;
1173 4019 1348 4085 sedquoniam
1365 4021 1403 4071 ita

328 4108 433 4153 “natura
454 4103 568 4163 tradidit,
589 4113 618 4155 ut
637 4119 683 4156 nec
699 4121 755 4154 aum
772 4105 822 4155 illis
838 4106 898 4154 satis
915 4108 1043 4155 commode
1060 4121 1106 4156 neo
1122 4110 1176 4157 aiae
1193 4107 1242 4157 illis
1259 4109 1402 4158 ullomodo

328 4192 397 4240 “viri
413 4192 502 4255 possit,
519 4193 592 4243 saluti
608 4205 741 4258 perpetuae
758 4197 839 4258 potius
851 4209 925 4259 quam
936 4195 1007 4245 brevi
1015 4196 1138 4260 voluptati
1149 4197 1323 4249 consulendum
1335 4196 1401 4247 est.''

330 4279 405 4342 (Gall.
423 4281 448 4340 Ι,
466 4281 494 4340 6;
511 4281 542 4331 cf.
560 4283 614 4332 Lis.
632 4283 741 4347 Epitom.
760 4284 803 4341 59,
820 4283 889 4334 Suet.
908 4283 995 4335 octav.
1011 4286 1063 4349 89).

362 4369 484 4418 Permulti
507 4369 556 4419 loci
579 4371 731 4421 scenicorum
755 4373 785 4421 de
811 4373 955 4422 mulieribus
980 4374 1156 4425 contumeliose
1181 4376 1319 4426 locatorum
1334 4377 1401 4439 apud

328 4457 486 4510 Athenaeum
502 4459 620 4523 leguntur
635 4461 661 4509 in
679 4461 742 4509 libro
759 4461 837 4512 XlIl.
884 4500 887 4504 ,
904 4473 909 4482 ’
