3154 5198
734 395 775 456 61

218 578 304 664 quod
328 601 348 643 a
370 579 535 644 communi
558 580 627 644 vita
649 580 783 644 omnino
807 579 995 645 abhorreat·
1031 560 1293 665 Inprimis'male

217 691 358 758 feremus
392 693 421 760 ui
449 694 590 779 tragicae
613 715 769 778 personae
793 714 865 758 acre
890 693 1065 758 Dodonaeo
1089 694 1157 759 sint
1180 694 1293 780 loqua-

217 806 338 891 ciores,
369 808 644 893 quemadmodum
667 812 873 873 occursantes
896 804 1042 891 fugimus
1067 828 1147 892 quos
1172 807 1292 872 scimus

216 919 410 1005 garrulitate
433 943 493 986 sua
516 942 575 986 nos
599 928 777 986 enecturos.
814 918 890 983 Non
906 918 1020 1003 ignoro
1036 920 1184 1005 quidem,
1201 919 1292 984 Atti-

176 1087 178 1092 .
217 1053 272 1098 eos
295 1033 377 1099 alies
400 1033 488 1119 leges
505 1041 633 1100 secutos
654 1054 725 1098 esse
741 1031 775 1096 in
793 1030 1005 1096 aestimandis
1022 1031 1177 1098 dramatis
1195 1054 1292 1117 quam

217 1145 382 1211 hodiernis
407 1146 558 1232 operibus
582 1145 789 1227 adhibentur,
815 1166 919 1230 neque
934 1144 1117 1228 postulasse
1134 1155 1171 1210 ut
1182 1145 1292 1210 heroes

218 1282 235 1324 e
270 1258 487 1345 temporibus·
508 1261 776 1345 Argonautarum
810 1264 844 1323 et
876 1257 956 1323 belli
987 1257 1116 1343 Trojani
1139 1257 1173 1321 in
1198 1280 1294 1323 scena

218 1372 270 1438 sui
299 1371 371 1438 aevi
393 1392 498 1436 mores
523 1370 693 1456 referrent,
718 1379 816 1459 atque
839 1395 971 1460 prorsus
995 1373 1090 1439 aliter
1113 1373 1294 1459 cogitarent

218 1493 251 1552 et
272 1486 482 1572 loquerentur
503 1507 600 1572 qnam
617 1486 784 1572 scriptoris
798 1487 949 1573 aequales
968 1491 986 1552 ¹.
1016 1487 1079 1553 Sed
1095 1479 1153 1553 hos
1167 1509 1294 1574 qnoque

218 1623 302 1687 nego
332 1601 380 1667 ita
402 1601 528 1666 locutos
551 1622 623 1666 esse
647 1607 684 1665 ut
706 1623 862 1686 personas
887 1601 1090 1688 Euripideas.
1140 1603 1206 1668 Ubi
1229 1610 1294 1668 ter-

217 1734 325 1779 rarum
349 1735 494 1798 unquam
516 1712 582 1778 fuit
603 1713 714 1798 puella
737 1736 819 1799 quae
843 1714 891 1780 ita
913 1715 1086 1780 dissereret
1108 1714 1149 1779 de
1168 1736 1294 1780 cosmo-

217 1826 332 1912 gonia,
366 1832 404 1891 ut
426 1825 525 1908 facit,
550 1826 749 1893 testantibus
773 1827 967 1914 fragmentis
992 1850 1074 1914 quae
1099 1837 1292 1914 supersunt,

218 1941 276 2006 illa
309 1938 438 2025 sapiens
474 1939 518 2024 (si
553 1940 650 2005 modo
685 1941 814 2027 sapiens
847 1961 905 2007 nec
937 1941 1047 2028 potius
1081 1942 1167 2008 mele
1198 1945 1294 2030 sana)

219 2052 408 2138 Melanippe
439 2050 634 2137 Euripides,
660 2052 719 2125 cui
750 2054 857 2138 proles
889 2054 1004 2119 furtim
1028 2055 1117 2120 edita
1140 2055 1296 2122 debuerat

218 2187 312 2231 curae
343 2163 487 2250 propiori
520 2186 591 2230 esse
625 2187 722 2250 quam
757 2187 869 2232 cursus
905 2166 1071 2232 stellarum
1107 2175 1140 2232 et
1167 2167 1295 2234 telluris

218 2280 309 2364 origo
323 2283 346 2343 ².
387 2278 438 2343 Ne
468 2283 580 2343 nostre
609 2279 741 2363 quidem
774 2285 937 2364 tempore,
961 2301 1026 2366 quo
1049 2281 1201 2346 nonnulli
1219 2281 1296 2365 jura

252 2489 259 2520 ¹
293 2491 348 2540 Hoc
365 2492 513 2548 tenendum,
530 2505 561 2539 ne
579 2491 676 2554 saepius
693 2491 791 2555 iniquus
808 2491 853 2541 lius
869 2492 895 2541 in
912 2492 1060 2557 Euripidem
1078 2495 1133 2542 taut
1148 2493 1175 2542 in
1187 2492 1296 2556 reliquos

218 2588 314 2629 veteres
330 2580 459 2644 tragicos).
492 2580 611 2644 Exempli
628 2581 723 2644 gratia,
747 2595 798 2630 non
812 2579 870 2642 jure
886 2582 1052 2645 reprehendas
1069 2582 1185 2632 dictailla
1195 2584 1297 2642 Thesei,

218 2669 277 2719 satis
302 2677 387 2720 tamen
412 2668 538 2730 α’νοίκεια,
565 2671 607 2718 nbi
623 2671 655 2720 de
672 2671 767 2734 optima
782 2670 914 2734 regiminis
931 2670 1012 2719 forma
1029 2671 1138 2736 disputat
1153 2687 1209 2721 cnm
1226 2687 1296 2737 prae·

217 2771 279 2808 eone
302 2757 425 2808 Thebano
449 2758 476 2806 in
501 2757 667 2821 supplicibus.
701 2758 798 2807 Eadem
822 2760 853 2807 de
869 2773 943 2808 causa
959 2758 1039 2808 levius
1056 2759 1135 2808 feram
1152 2762 1297 2811 anachroni-

219 2861 299 2896 smum
324 2848 396 2898 Pelei
419 2848 542 2912 culpantis
566 2849 683 2898 instituta
707 2848 818 2912 Lycurgi
834 2848 860 2896 in
876 2849 986 2898 violenta
1006 2849 1050 2897 illa
1066 2849 1186 2909 oratione,
1203 2851 1297 2900 Atticis

218 2938 318 2988 auribus
342 2939 489 2998 blandiente,
514 2941 634 2988 adversus
651 2939 829 3004 Spartanarum
846 2938 984 3002 puellarum
1002 2939 1180 2996 educationem,
1196 2941 1296 2990 Andro-

218 3028 298 3077 mach.
323 3044 359 3077 vs.
385 3029 524 3078 aee-601.
558 3028 629 3089 (Vid.
646 3028 711 3077 infra
726 3043 783 3092 pag.
801 3029 834 3076 68
850 3029 905 3076 adn.
922 3029 958 3090 2.)
991 3027 1092 3078 confer.
1109 3029 1297 3080 Andromaches

218 3117 243 3164 in
260 3117 346 3166 eadem
363 3118 448 3167 fabula
463 3118 542 3166 oratio
558 3131 595 3167 vs.
612 3118 662 3166 tte
679 3131 731 3180 sqq.

251 3206 370 3270 Antiquis
395 3205 575 3270 spectatoribus
599 3212 701 3268 gratum
725 3213 791 3264 erat,
819 3204 840 3252 si
865 3203 900 3252 ita
927 3212 1087 3268 tangerentur
1112 3221 1151 3256 res
1168 3207 1297 3270 aequales,

218 3309 299 3359 neque
321 3295 398 3359 igitur
414 3297 568 3358 querendum
585 3303 623 3344 est
638 3296 669 3343 de
686 3303 759 3357 poeta
775 3295 817 3343 ubi
833 3293 929 3342 civibus
946 3293 1120 3358 morigeratur.
1155 3298 1298 3346 Dummodo

218 3384 254 3433 ita
278 3384 410 3448 loquantur
432 3382 520 3433 heroes
546 3383 650 3446 tragici,
673 3388 701 3431 ut
717 3381 824 3431 locuturi
842 3381 945 3431 fuissent
960 3382 982 3431 si
999 3383 1085 3432 eodem
1102 3399 1132 3432 ac
1148 3393 1299 3449 spectatores

218 3475 340 3524 vixissent
355 3485 480 3539 tempore,
496 3489 587 3538 parvus
604 3481 647 3522 aut
663 3473 743 3522 nullus
761 3472 934 3536 vituperationi
949 3472 1019 3521 locus
1036 3473 1191 3538 relinquitur.

252 3563 262 3595 ²
295 3563 437 3628 Melanippa
464 3564 478 3624 ’l
504 3565 570 3628 σοφὴ
586 3564 651 3613 clam
669 3563 716 3612 sibi
732 3570 802 3612 natos
818 3571 966 3626 exposuerat
982 3562 1115 3626 gemellos,
1132 3579 1193 3628 quos
1210 3581 1298 3617 vaccae

218 3655 295 3704 ubera
320 3656 438 3704 ducentes
463 3653 608 3702 invenerunt
631 3661 744 3716 pastores
769 3659 794 3716 et
818 3651 889 3716 quasi
913 3658 1083 3714 portentosum
1109 3653 1177 3702 bovis
1197 3663 1297 3717 partum

219 3743 353 3794 attulerant
376 3742 470 3801 Aeolo,
494 3741 589 3806 puellae
613 3742 693 3804 patri,
708 3742 751 3805 qui
767 3739 931 3791 concremari
946 3739 1052 3790 volebat.
1085 3740 1158 3803 Quod
1174 3741 1253 3793 fatum
1270 3755 1298 3795 ut
1328 3780 1331 3785 -

219 3833 251 3883 ab
275 3831 402 3882 infantulis
426 3838 537 3888 avertat,
561 3830 665 3880 heroine
680 3829 757 3893 longa
772 3829 983 3878 demonstratione
999 3828 1167 3893 philosophica
1183 3832 1297 3883 evincere

219 3923 321 3982 laborat,
346 3937 362 3971 a
385 3922 449 3970 bove
474 3920 581 3970 edinen
597 3934 671 3984 posse
687 3919 782 3983 prolem
798 3919 943 3969 humanam.
976 3920 1070 3968 Parnm
1086 3926 1143 3983 apte
1160 3922 1297 3971 sententiae

218 4012 276 4062 illae
300 4012 484 4074 Anaxagoreae
507 4010 598 4058 cadunt
622 4023 654 4058 ex
678 4021 721 4058 ore
738 4007 836 4072 puellae
853 4006 914 4057 furti
931 4007 978 4056 eibi
993 4006 1106 4056 consciae
1122 4015 1148 4057 et
1165 4009 1296 4061 filiolorurn

218 4102 286 4151 vitae
301 4100 440 4150 momentis.
471 4098 532 4149 Jam
549 4097 699 4147 Aristoteles
715 4104 780 4160 poet.
801 4097 832 4146 15
847 4095 916 4147 illam
932 4095 1007 4159 ῥῆσιν
1024 4095 1185 4159 vituperavit.

251 4188 355 4239 Initium
370 4187 465 4238 fabulae
481 4194 536 4238 erat
551 4201 640 4236 versus
658 4185 760 4250 impius:

412 4278 486 4338 Ζεύς,
505 4278 574 4336 ὅστις
592 4277 604 4325 ὁ
623 4277 696 4338 Ζεύς,
715 4278 744 4326 οὐ
762 4281 811 4341 γὰρ
828 4276 885 4327 οἶδα
904 4276 974 4335 πλὴν
990 4275 1060 4339 λόγῳ

411 4367 503 4416 κλύων.

219 4467 282 4518 quea
299 4463 385 4518 postea
401 4462 497 4506 munta
513 4463 572 4505 sunt
588 4455 615 4504 in
632 4455 693 4505 haec
710 4456 788 4505 verba
803 4455 885 4505 minus
903 4451 1115 4519 ‘'philosopham''
