3154 5198
834 383 876 444 26

323 575 452 654 poetam
486 567 659 650 nimirum,
694 567 756 631 diis
786 566 900 651 patriis
930 566 1027 631 fidem
1054 566 1247 650 habentem,
1279 574 1311 632 et
1349 591 1416 632 so-

324 682 478 765 phistam,
503 681 638 745 liberam
660 680 817 764 rationem
839 679 1004 764 cogitandi
1028 687 1061 745 et
1071 680 1244 745 dubitandi
1257 703 1415 766 sequen-

324 804 408 871 tem3
431 795 527 859 homo
546 793 631 858 enirn
659 815 762 878 neque
786 802 836 857 est
857 793 1081 875 chamaeleon,
1096 815 1192 878 quem
1205 792 1415 858 fabulantur

323 927 380 989 pro
412 928 446 971 re
476 912 552 971 nata
574 913 700 972 mutare
719 906 875 988 colorem,
900 929 1005 991 neque
1027 929 1067 971 ex
1090 907 1225 972 diversis
1247 907 1411 990 partibus

323 1020 539 1103 compositus,
561 1019 617 1084 sed
640 1042 725 1084 unus
748 1029 798 1084 est
822 1027 855 1085 et
877 1020 979 1084 dividi
1006 1022 1127 1106 nequit.
1168 1019 1239 1084 Hoc
1264 1027 1410 1085 tantum

323 1131 454 1196 concedi
483 1139 612 1216 posset,
641 1131 830 1216 Euripidem
855 1131 933 1197 dum
957 1153 1073 1216 poema
1096 1132 1248 1197 conderet
1267 1132 1407 1217 aliqua-

324 1251 418 1308 tenus
442 1244 505 1309 sibi
529 1243 727 1327 persuasisse
751 1244 826 1309 deos
849 1244 1027 1329 dequibus
1050 1245 1289 1310 caneretetiam
1303 1253 1407 1310 extra

323 1367 489 1442 poetarum
513 1356 660 1423 fictiones
684 1364 810 1438 extare,
833 1357 898 1422 nisi
920 1359 1004 1422 hanc
1026 1379 1154 1443 quoque
1170 1357 1403 1423 defensionem

324 1469 391 1534 suis
416 1469 479 1534 sibi
505 1469 635 1554 seriptis
658 1469 864 1554 praecideret.
913 1470 1089 1554 Nunquam
1112 1471 1200 1534 enim
1223 1477 1336 1535 tantus
1369 1472 1403 1535 ei

324 1586 388 1648 i'uit
409 1584 501 1648 ardor
525 1583 675 1669 furorque
697 1584 842 1668 poeticus
869 1590 904 1648 ut
928 1585 1024 1668 plane
1046 1585 1291 1650 oblivisceretur
1306 1607 1341 1650 se
1360 1608 1402 1650 ea

304 1696 460 1761 seribere
490 1717 572 1782 quae
594 1717 659 1760 non
685 1717 757 1760 vera
778 1696 916 1761 duceret.
966 1697 1058 1776 Quod
1083 1699 1216 1783 probare
1240 1721 1302 1763 non
1330 1698 1399 1764 dif-

324 1809 408 1874 ficile
443 1815 501 1873 est.
551 1807 653 1892 Saepe
681 1808 714 1871 in
752 1807 820 1891 ejus
854 1807 1027 1892 tragoediis
1053 1821 1224 1875 occurrunt
1249 1811 1312 1876 loci
1338 1813 1399 1876 ubi

324 1943 388 1986 non
420 1921 560 2006 amplius
592 1927 688 2006 poeta
712 1920 881 2004 theologus
903 1919 1057 2004 loquitur,
1082 1921 1138 1986 sed
1161 1924 1396 2009 philosophus,

324 2036 415 2120 eujus
445 2035 623 2100 sententiae
646 2035 807 2099 interdum
832 2055 905 2098 cnm
931 2034 1032 2099 totius
1055 2035 1185 2101 fabulae
1207 2038 1397 2102 oeconomia

325 2154 474 2234 pugnant
489 2156 508 2212 ¹.
556 2133 732 2212 Videamus
764 2147 861 2210 modo
889 2147 1062 2212 Herculem
1094 2149 1272 2232 furentem,
1301 2150 1395 2235 cujus

324 2261 452 2326 fabulae
486 2261 580 2326 cardo
612 2266 661 2324 ert
691 2259 833 2323 denonis
856 2280 951 2324 saeva
975 2261 1023 2324 ire
1044 2261 1077 2324 in
1100 2261 1275 2327 Herculem
1296 2263 1396 2347 plane

273 2368 275 2378 '
325 2375 502 2455 insontem,
546 2374 592 2454 ita
632 2381 670 2437 ut
704 2393 768 2435 non
811 2371 929 2456 injuria
968 2374 1059 2458 queri
1097 2376 1202 2458 possit
1237 2375 1393 2441 Hercules

324 2509 369 2550 vs.
396 2489 479 2550 1307
505 2508 592 2570 sqq.:

922 2603 1046 2688 τοιαύτῃ
1069 2600 1127 2686 θεῷ

485 2710 532 2780 τίς
554 2705 593 2770 dv
614 2704 828 2792 προςεύχοιθ’;
852 2704 869 2780 ἢ
891 2708 1040 2791 γυναικὸς
1062 2706 1172 2771 οὕνεκα

485 2913 645 2989 Ἑλλάδος
667 2916 811 2988 ἁπώλεσ’,
834 2913 924 2982 οὐδὲν
947 2919 1042 2989 ὄντας
1065 2919 1193 2990 αἰτίους-

322 3181 403 3228 locum
429 3195 495 3228 nunc
522 3178 613 3228 frustra
637 3181 737 3243 quaero)
759 3179 849 3241 alicubi
867 3179 942 3236 haec,
958 3188 1001 3228 ant
1017 3194 1105 3242 parurn
1121 3179 1234 3236 diversa,
1253 3191 1293 3226 me
1308 3177 1388 3240 legere

323 3268 437 3316 memini:
463 3276 537 3330 prout
553 3268 586 3325 in
603 3283 679 3332 opere
695 3267 811 3331 physico,
829 3268 995 3332 philosophico
1012 3268 1052 3316 vel
1068 3269 1167 3332 poetico
1183 3282 1238 3316 sum
1253 3275 1386 3330 occupatus,

324 3360 395 3406 modo
413 3357 613 3416 naturalismum,
632 3361 704 3407 modo
721 3359 852 3417 deisnrurn,
870 3359 943 3407 modo
960 3356 1154 3421 polytheismum
1170 3357 1295 3421 profiteor.

358 3447 364 3478 ¹
399 3447 550 3497 Verissimas
574 3448 605 3496 de
629 3448 674 3497 bac
691 3462 718 3497 re
736 3448 821 3497 inveni
838 3447 1105 3512 observationes-inl>
1132 3463 1156 3494 v.
1174 3447 1297 3510 Limbnrg
1314 3447 1386 3494 Bron-

323 3552 385 3584 wer:
405 3538 500 3585 Procae
517 3553 574 3585 ocor
592 3539 743 3600 Euripidem
760 3536 873 3599 inprimis
891 3539 930 3584 vd.
947 3551 1005 3600 pag.
1022 3537 1079 3604 234„

357 3627 375 3658 ²'
400 3628 499 3678 Scilicet
525 3627 657 3690 Euripides
683 3628 755 3676 finxit
779 3627 882 3676 Herculi
909 3637 963 3690 post
993 3635 1104 3688 peractos
1130 3627 1227 3675 demum
1254 3626 1346 3674 labores
1372 3645 1384 3675 a

324 3721 424 3768 Junone
442 3720 578 3768 immissum
596 3733 649 3767 esse
666 3718 774 3767 furorem
792 3733 840 3782 quo
858 3733 962 3768 uxorem
980 3719 1112 3782 Megaram
1129 3717 1236 3780 filiosque
1253 3717 1382 3775 trucidavit,

324 3825 400 3872 quum
425 3810 559 3857 secundum
585 3808 765 3874 Apollodorum
791 3808 901 3872 aliosque
927 3808 1123 3871 mythographos
1138 3807 1185 3854 ista
1202 3808 1281 3855 rabies
1299 3807 1383 3856 labores

325 3899 491 3961 praecesserit.
526 3899 598 3960 Qnod
622 3913 653 3946 an
679 3898 791 3946 consulto
815 3896 902 3945 iecerit
927 3896 1060 3959 Euripides
1090 3913 1116 3945 se
1141 3897 1237 3944 nescire
1262 3897 1321 3945 dicit
1343 3913 1382 3945 ran

325 3989 445 4051 Limburg
463 3979 590 4044 Brouwer,
607 3985 652 4058 ll.
674 4001 721 4048 pag
746 3988 778 4035 8³
799 3986 822 4033 in
840 3987 895 4034 adn.
920 3987 975 4050 Ego
991 3985 1102 4034 dixerim
1120 3987 1142 4032 id
1161 3987 1382 4036 coconsiliofecisse

325 4088 435 4140 poetam,
463 4089 491 4126 ut
516 4079 664 4134 Herculem,
688 4077 753 4126 edita
777 4076 929 4140 quadruplici
950 4076 1038 4134 caede,
1056 4077 1154 4125 mittere
1172 4085 1254 4140 posset
1271 4078 1381 4135 Athenae,

327 4168 380 4230 qui,
397 4169 442 4216 sub
458 4169 550 4218 Thesei
569 4168 646 4218 tutela
662 4169 777 4217 lustratus
796 4167 841 4228 (vs.
862 4169 925 4217 1323
934 4168 1004 4230 sqq),
1014 4168 1221 4229 quemadmodum
1231 4166 1338 4230 Oedipus
1345 4165 1379 4213 ille

325 4259 489 4322 Sophoclem,
514 4259 547 4307 ibi
572 4260 683 4320 degeret.
700 4287 701 4290 =
717 4259 788 4306 Hanc
807 4255 904 4306 civitati
922 4271 979 4304 suae
996 4255 1129 4318 gloriolam
1147 4270 1195 4302 nou
1213 4257 1331 4318 potuisset
1345 4255 1379 4302 tri·

326 4351 401 4398 buere
418 4359 499 4411 poeta,
517 4351 537 4397 si
555 4349 665 4408 Herculi,
683 4357 812 4410 postquam
830 4363 845 4394 e
861 4345 960 4394 Theseo
977 4345 1095 4394 liberatus
1113 4354 1177 4393 osset
1186 4344 1296 4406 piaculo,
1306 4345 1329 4392 in
1337 4343 1379 4390 inii-

326 4439 377 4486 nita
393 4437 482 4486 itinere
499 4437 583 4486 suisset
600 4438 745 4486 abeundum.
1323 4418 1325 4422 .
