3154 5198
736 333 810 431 47'

165 641 168 647 .
219 553 411 639 conjiciente
443 553 483 617 ab
512 557 705 638 argumento
729 559 779 618 est
802 552 1042 618 alienissimum
1065 558 1098 618 et
1120 575 1160 618 ne
1182 575 1239 638 per
1261 567 1294 619 se
1356 545 1358 552 ’

220 667 352 753 quidem
376 666 418 731 ad
441 666 641 752 tangendam
665 667 885 752 spectantium
908 673 1053 732 mentem
1077 665 1160 731 mihi
1183 671 1296 752 aptum

220 782 349 852 videtur
367 781 386 845 ¹.
413 781 452 844 In
476 780 720 846 Andromaches
742 781 847 874 priore
869 787 961 866 parte
977 781 1017 845 de
1030 779 1134 866 ipsius
1146 779 1297 845 heminae

220 895 340 961 misera
370 895 556 961 conditione
587 895 714 980 agitur,
750 895 784 958 in
808 895 909 960 altera
932 917 1007 960 vero
1031 892 1180 959 deflenda
1203 891 1297 956 nobis

221 1016 273 1074 est
308 1009 423 1093 Pyrrhi
455 1029 561 1090 mors,
595 1029 669 1073 cum
702 1008 894 1073 Hermiones
919 1007 967 1072 ira
990 1007 1024 1070 in
1047 1005 1298 1070 Andromachen

221 1121 279 1186 vix
316 1120 524 1188 cohaereret
575 1120 623 1184 De
655 1119 744 1184 Ionis
777 1119 836 1183 illa
869 1125 961 1203 parte
995 1117 1028 1182 in
1064 1140 1127 1203 qua
1162 1117 1298 1183 insidias

220 1234 291 1299 filio
324 1240 417 1320 perat
447 1237 569 1315 mater,
601 1254 707 1298 meam
735 1233 920 1317 opinionem
948 1231 1018 1316 jam
1047 1230 1175 1297 ostendi
1200 1251 1299 1314 supra

222 1369 296 1432 pag.
332 1349 374 1412 36
406 1367 452 1431 sq.
503 1345 585 1410 Prae
606 1344 739 1430 reliquis
768 1366 842 1409 vero
866 1344 1026 1410 Troadum
1049 1342 1216 1429 tragoedia
1238 1343 1299 1406 hoc

223 1459 355 1523 nomine
379 1463 429 1522 est
452 1458 676 1544 vituperanda,
702 1457 823 1544 quippe
846 1458 880 1522 in
905 1481 1003 1543 quam
1027 1464 1201 1543 congestae
1232 1457 1300 1522 sint

223 1593 274 1654 res
298 1571 459 1656 plurimae
489 1571 529 1635 ad
564 1571 674 1666 Trojae
709 1571 985 1657 expugnationem
1012 1571 1212 1656 pertinentes
1243 1570 1299 1636 sed

224 1690 385 1750 caeterum
423 1684 514 1748 nulla
557 1683 672 1768 copula
708 1683 793 1748 inter
834 1705 868 1749 se
905 1705 1086 1749 connexae:
1133 1683 1301 1768 Polyxena

225 1804 367 1863 mactata
398 1797 439 1861 ad
470 1796 611 1862 Achillis
646 1797 827 1878 tumulum,
859 1795 1031 1880 Astyanax
1062 1796 1179 1880 Pyrrhi
1204 1796 1301 1882 jussu

225 1911 265 1974 de
304 1932 397 1976 muro
435 1909 644 1992 deturbatus,
687 1907 869 1974 Cassandra
907 1907 1041 1975 fatidico
1079 1909 1186 1975 furore
1232 1930 1301 1975 cor-

225 2032 334 2112 repta,
368 2019 495 2091 Helena
529 2046 583 2090 rea
613 2030 685 2088 acta
717 2025 757 2088 ab
790 2023 926 2088 Hecuba
956 2031 989 2087 et
1020 2045 1128 2088 coram
1153 2024 1302 2089 Menelao

226 2164 260 2206 se
292 2139 484 2216 defendens3
522 2137 657 2203 Hecuba
693 2143 804 2202 autem
840 2140 873 2201 et
899 2136 1127 2203 Andromache
1154 2139 1195 2202 oh
1220 2137 1301 2202 libe-

225 2260 334 2320 ro'rum
364 2252 495 2318 caedem
526 2251 634 2345 longis
667 2251 806 2337 querelis
831 2250 1023 2336 indulgent,
1048 2251 1139 2316 etin
1163 2241 1306 2316 11111111-Ι

225 2368 322 2434 hulae
355 2367 471 2432 chorus
507 2365 609 2431 oculis
641 2364 806 2450 objectum
829 2362 940 2448 Trojae
964 2363 1151 2429 incendium
1177 2365 1302 2430 lamen-

227 2489 324 2548 tatur.
372 2483 442 2548 Has
475 2483 558 2567 epici
589 2480 742 2547 carminis
775 2480 928 2545 materias
956 2479 991 2543 in
1012 2480 1158 2546 dramate
1179 2481 1302 2567 tragico

227 2618 293 2661 non
316 2596 547 2662 coacervandos
570 2595 684 2676 fuisse,
707 2594 758 2659 vel
781 2615 834 2658 me
859 2599 986 2658 tacente
1008 2593 1115 2678 quivis
1127 2594 1300 2682 intelligit3

228 2715 298 2774 tota
322 2709 410 2774 enim
434 2709 555 2784 ἅλωσις
578 2709 637 2773 illa
660 2730 725 2773 non
747 2711 856 2793 potest
880 2728 945 2771 una
968 2708 1135 2793 tragoedia
1157 2712 1301 2794 tractari,

228 2828 267 2888 ut
289 2822 329 2887 ab
353 2821 639 2905 Aristotele'(Art.
656 2830 742 2906 poet.
764 2822 821 2907 18)
838 2820 1006 2887 verissime
1021 2828 1071 2886 est
1085 2822 1300 2890 observatum.

229 2937 317 3022 Ergo
341 2937 483 3022 aliquam
507 2935 576 3021 ejus
599 2944 725 3021 partem
750 2935 789 3000 de
811 2957 874 3020 qua
897 2941 1008 3020 ageret
1028 2935 1156 3020 eligere·
1173 2936 1303 3002 debuis-

230 3057 280 3114 set
313 3049 503 3134 Euripidem
540 3071 626 3115 nunc
662 3070 736 3114 vero
770 3055 942 3114 centonem
977 3049 1087 3132 potins
1122 3052 1305 3134 composuit

229 3185 327 3248 quam
351 3163 464 3250 drama
485 3163 568 3228 bene
592 3163 786 3227 ordinatum.

264 3373 271 3404 ¹
305 3374 360 3422 Nisi
377 3388 417 3423 res
434 3382 551 3437 ageretur
567 3373 693 3436 lugubris,
716 3374 794 3422 risum
811 3373 941 3436 praeberet
959 3372 1076 3432 Euadne,
1092 3381 1224 3438 antequam
1242 3375 1305 3424 desi·

229 3463 275 3512 liat
291 3465 321 3512 de
338 3464 431 3526 scopuli
448 3464 573 3512 cacumine
590 3463 752 3512 subsanniens
763 3463 861 3525 *misero
869 3461 1066 3524 patri,versibus
1074 3477 1152 3525 paene
1160 3463 1266 3522 comicis,
1275 3464 1306 3512 ab

231 3553 278 3601 ista
293 3567 398 3615 persona
413 3553 508 3616 istoque
526 3561 635 3616 tempore
652 3567 752 3616 prorsus
769 3551 857 3600 alienis
874 3551 920 3612 (vs.
940 3551 1120 3616 lone-1072).
1146 3554 1236 3617 Apage
1246 3555 1305 3603 illud

231 3643 383 3705 episodium,
408 3657 457 3705 quo
482 3650 577 3693 semoto
600 3651 678 3692 restat
701 3658 750 3691 non
776 3641 905 3704 tragoedia
924 3643 1034 3705 quidem,
1053 3645 1094 3692 sed
1113 3645 1305 3707 pulcherrimum

232 3743 314 3781 tamen
330 3746 444 3790 carmen,
462 3734 493 3780 ad
510 3732 606 3795 epicum
623 3747 702 3796 genus
719 3732 834 3794 proxime
851 3735 977 3782 accedens.

265 3819 275 3851 ²
307 3821 365 3869 Non
380 3820 437 3868 ideo
454 3820 521 3868 onim
539 3821 569 3869 ab
588 3821 691 3879 Oreste,
708 3821 804 3870 scelesti
821 3822 904 3871 sicarii
920 3823 1031 3886 partibus
1048 3824 1177 3886 fungente,
1188 3824 1305 3888 interimi-

232 3919 273 3959 tur
298 3909 405 3959 Achillis
429 3909 509 3967 filius,
535 3911 600 3972 quod
626 3909 782 3958 Hermionen
806 3912 938 3974 despicatui
963 3913 1077 3973 haberet,
1101 3921 1200 3962 servata
1223 3929 1306 3963 seeum

231 4000 319 4063 pellice
345 4000 535 4057 Andromache,
559 4001 602 4048 sed
627 4001 692 4062 quod
715 4015 769 4049 eam
787 4016 891 4050 uxorem
908 4003 1029 4063 duxerat,
1046 4004 1093 4066 ipsi
1110 4003 1194 4054 Oresti
1213 4006 1307 4067 pridem

232 4092 387 4153 desponsam.
421 4091 509 4152 Neque
531 4087 594 4152 opus
611 4097 666 4138 erat
682 4090 809 4154 Pyrrhum
826 4089 852 4138 in
869 4104 953 4139 orcum
970 4092 1099 4142 demittere
1118 4101 1145 4142 ut
1160 4094 1308 4143 liberaretur

233 4181 418 4230 Andromache.
451 4180 499 4228 Hie
516 4179 548 4228 ad
564 4179 595 4230 G.
613 4180 787 4228 Hermannnm
804 4194 939 4242 provocare
957 4181 1028 4243 licet,
1045 4183 1132 4237 acerbe
1149 4186 1307 4233 damnantem

234 4277 408 4332 argumentum
427 4270 500 4332 hujus
518 4269 615 4318 fabulae
632 4269 658 4316 in
674 4269 868 4332 prolegomenis,
884 4285 940 4334 pag.
960 4273 998 4320 13.

691 4449 870 4464 ΑΛΛΛΙᾺΛΛΛΑΛι
