3150 5194
814 362 855 422 92

298 567 363 610 non
395 563 515 629 paucos
542 541 641 608 etium
666 541 814 608 mendico
841 542 974 608 indulos
1002 543 1142 626 amictu,
1166 549 1204 609 ut
1232 545 1366 610 eundem

298 678 394 744 quem
418 655 514 722 modo
539 654 706 720 nominavi
728 655 924 741 Telephum3
950 656 1037 722 hunc
1061 678 1170 722 revera
1196 657 1244 723 ita
1270 658 1366 724 fuisse

297 771 491 836 adornatum
524 767 615 835 utin
642 767 903 834 Acharneusium
929 768 1000 835 loco
1022 769 1255 840 festivissimo¹
1281 772 1365 836 vide-

295 1094 397 1142 domttm
413 1093 531 1154 deorum,
547 1094 737 1145 suhsdueretur
754 1094 901 1144 mittens
918 1091 1085 1158 σκατοφάγος.
1105 1091 1193 1142 Multis
1209 1094 1286 1142 etism
1309 1093 1363 1144 locis

295 1183 427 1246 Trygssns
442 1183 642 1248 Bellerophontis
658 1183 736 1234 verbs
751 1180 869 1247 sappes.
902 1181 949 1231 Vs.
969 1182 1015 1231 146
1031 1195 1084 1247 sqq.
1100 1182 1147 1231 hoc
1163 1181 1285 1245 legimus:

552 1273 630 1322 ἐκεῖνο
646 1272 725 1336 τήρει,
743 1271 778 1336 μὴ
795 1271 897 1336 σφαλεὶς
914 1273 1057 1336 ‘eruesti

553 1367 679 1430 ἐντεῦθεν,
695 1369 749 1418 εἶτα
765 1367 848 1431 χωλὸς
865 1366 902 1415 ὢν
918 1365 1041 1432 Εὐριπίδῃ

550 1457 630 1522 λόγον
646 1456 787 1521 παράσχῃς
803 1456 847 1506 καὶ
865 1454 993 1521 τραγῳδία
1009 1454 1078 1522 γένῃ.

329 1546 336 1578 ¹
354 1547 473 1612 Lepidum
489 1546 553 1597 hono
568 1546 713 1611 porticulum
724 1544 863 1594 comoedise
872 1545 1039 1608 Aristophane
1047 1545 1208 1610 dignissimae
1218 1545 1364 1610 subjungere

291 1637 373 1701 juvet.
411 1637 580 1700 Dicseopolis,
596 1635 658 1686 civis
675 1634 850 1693 Atheniensis,
868 1641 1011 1698 postquem,
1026 1633 1085 1684 belli
1097 1644 1235 1700 pertaesus,
1247 1636 1363 1700 privatim

292 1740 380 1790 psoem
395 1739 452 1774 cum
469 1724 670 1776 lacedaemoniis
686 1723 752 1782 iniit,
770 1723 860 1786 repetit
875 1738 948 1772 snum
965 1722 1083 1784 fundum
1100 1723 1136 1773 ibi
1152 1739 1212 1774 vero
1229 1725 1316 1775 incidit
1338 1725 1363 1773 iu

292 1814 423 1864 bellicosos
440 1813 564 1879 δημότας,
581 1812 626 1877 qui
641 1812 665 1861 ei
682 1819 789 1861 mortem
806 1812 934 1861 minentur
950 1813 1016 1876 quod
1033 1825 1088 1860 cum
1105 1812 1214 1862 hostibus
1230 1824 1316 1876 pectus
1326 1814 1364 1866 sit.

293 1903 324 1952 In
348 1916 447 1952 summo
467 1902 576 1966 periculo
597 1917 642 1966 pro
658 1915 686 1951 se
701 1902 825 1961 dium,
842 1903 911 1965 prins
930 1901 983 1950 edit
998 1901 1145 1965 Euripidem
1162 1902 1211 1964 (vs.
1228 1905 1277 1953 394
1293 1905 1363 1969 squ),

292 2005 373 2056 equo
388 1991 435 2040 sihi
450 1990 547 2056 flagitet
563 1991 682 2042 vestitum
699 1989 851 2040 miserntioni
868 1991 1004 2040 moveudse
1023 2005 1097 2054 quern
1117 1992 1227 2042 maxime
1246 1993 1362 2043 idoneum

293 2083 340 2145 (vs.
358 2083 408 2132 tto
424 2083 500 2147 sqq.):

325 2172 384 2221 Dio.
417 2169 563 2234 Euripides!

324 2261 388 2309 Bur.
416 2259 483 2321 Quid
499 2259 605 2308 clames?

324 2351 383 2399 Dio.
416 2349 584 2400 Sublimisne‘
609 2349 695 2397 drame
710 2347 847 2411 componis,
871 2362 927 2396 cum
949 2349 1021 2399 licent
1041 2350 1068 2398 in
1085 2349 1162 2400 solido
1183 2349 1273 2400 fundo?
1305 2353 1360 2404 Non

291 2439 382 2488 mirum
398 2438 499 2486 claudos
515 2444 540 2486 te
557 2436 637 2486 fucere
654 2436 758 2485 herous!
793 2435 845 2486 Gur
863 2450 923 2484 vero
939 2435 1015 2486 hebes
1030 2452 1124 2502 pennos
1145 2439 1267 2501 tragicos,
1290 2441 1358 2490 mise-

290 2527 380 2576 rabiles
401 2533 494 2585 vestes,
507 2524 583 2587 juxte
599 2533 623 2574 te
636 2523 765 2586 jacentes?
797 2525 854 2574 Non
874 2525 965 2574 mirum
981 2527 1106 2576 mendicos
1124 2535 1148 2576 te
1165 2527 1244 2578 facere
1262 2529 1359 2579 heroas!

291 2615 328 2662 At
344 2627 388 2676 per
403 2622 447 2661 tun
462 2627 544 2676 genus
559 2619 584 2662 te
600 2613 709 2662 obtestor
725 2613 871 2677 Euripides,
887 2614 919 2661 dt
935 2613 996 2663 mihi
1012 2630 1121 2678 pennum
1139 2630 1153 2665 e
1174 2617 1252 2666 veteri
1272 2617 1359 2666 fabulo.

290 2702 356 2750 Nem
372 2703 403 2750 ed
419 2703 520 2750 chorum
537 2703 600 2752 mihi
617 2701 748 2766 longeest
764 2703 845 2752 cretio
861 2703 986 2763 habenda,
1008 2719 1088 2768 poene
1104 2721 1166 2756 vero
1182 2721 1231 2756 non
1248 2708 1375 2771 probabi·

289 2790 346 2840 liter
362 2792 452 2840 dicenti
467 2791 602 2856 constitute
618 2800 656 2841 est
672 2806 747 2840 mors.

324 2881 388 2931 Isler.
416 2881 443 2930 Si
458 2880 527 2944 cupis
544 2880 635 2945 aliquid
653 2879 721 2929 scissi
739 2889 765 2930 et
774 2881 879 2940 sordidi,
897 2882 966 2929 visne
983 2882 1099 2933 amictum
1111 2899 1160 2948 qno
1169 2885 1275 2947 Oeneus,
1284 2902 1360 2937 senex

289 2970 466 3028 infortunatus,
483 2977 536 3019 erut
552 2970 667 3018 indutus?
799 3034 801 3039 Ι

322 3059 381 3109 Die.
414 3061 471 3111 Non
489 3059 579 3117 Oenei,
595 3062 638 3109 sed
655 3061 732 3111 etiem
748 3060 890 3110 miserioris.
952 3061 954 3068 '

322 3149 387 3198 Dur.
414 3148 489 3199 Caeci
505 3149 637 3199 Phoenicis
654 3149 749 3214 igitur?

321 3239 381 3287 Dic.
416 3239 470 3288 Neo
485 3238 628 3297 Phoenicis,
645 3239 689 3288 sed
705 3240 769 3289 elius
784 3246 836 3298 est,
852 3240 978 3298 Phoenice
993 3241 1113 3292 miserior.

322 3325 386 3374 Bur.
412 3326 481 3387 Ques
497 3327 595 3375 taudem
612 3327 698 3376 sordes
715 3329 791 3376 homo
805 3328 930 3390 postulet?
948 3328 1052 3379 Dicisne
1069 3345 1109 3380 ecs
1127 3347 1186 3395 ques
1204 3333 1281 3396 gessit
1299 3333 1355 3383 Phi·

289 3414 392 3466 loctetes
408 3414 551 3463 mendicus?

322 3507 381 3554 Dic.
414 3505 495 3554 Immo
510 3503 557 3554 hoc
573 3505 647 3569 louge
664 3506 809 3570 egentioris.

322 3597 387 3646 Bur.
413 3596 492 3645 Visne
508 3609 568 3660 ergo
584 3595 708 3660 squalores
729 3597 818 3661 quibus
834 3597 937 3647 claudus
954 3599 1121 3662 Bellerophon
1137 3608 1191 3649 eret
1207 3605 1300 3651 tectus?

321 3687 381 3735 Dic.
413 3685 471 3734 Nou
495 3684 569 3734 societ
585 3683 764 3750 Bellerophon,
782 3688 828 3736 etsi
845 3688 886 3737 ille
904 3703 1001 3753 quoque
1021 3699 1074 3740 eret
1095 3691 1208 3752 claudus,
1224 3692 1356 3750 mendicus,

288 3774 388 3838 loquax,
406 3773 542 3822 indefessus
559 3783 650 3824 orator.

322 3863 387 3912 nter.
414 3862 503 3912 Habeo
518 3861 600 3912 virum
617 3878 667 3928 quo
683 3864 793 3928 indiges,
810 3866 913 3930 Mysum
929 3867 1078 3930 Telephum.

322 3953 381 4001 Dic.
412 3954 470 4002 Acu
486 3952 600 4016 tetigisti:
618 3954 724 4017 Telephi
739 3969 831 4018 quaeso
846 3957 878 4005 du
894 3957 1055 4008 mihi.loceru
1070 3961 1189 4022 tegmine.

322 4042 385 4094 Eser.
412 4043 492 4099 Puer,
509 4042 593 4091 duilli
609 4042 714 4106 Telephi
731 4060 838 4107 pennos;
851 4044 936 4107 joceut
952 4055 1035 4098 eutem
1052 4064 1127 4112 supro
1136 4050 1355 4114 Thyesteos,inter

288 4144 330 4178 eos
346 4143 406 4193 quos
422 4131 498 4194 gessit
514 4131 568 4182 Ino.
589 4158 617 4168 -
633 4133 675 4182 hin
690 4134 781 4197 accipe.

323 4220 381 4268 Dic.
416 4219 438 4270 0
454 4220 555 4284 Jupiter
571 4221 721 4283 omnituens‚
739 4225 774 4273 ite
790 4225 827 4273 sac
844 4227 957 4286 adorner,
975 4235 1002 4277 ut
1019 4244 1090 4292 quem
1102 4230 1254 4279 miserrimus
1263 4231 1354 4280 videar.

289 4310 432 4374 Euripides,
447 4313 560 4376 quoniam
578 4311 695 4362 hactenus
713 4315 774 4362 mihi
791 4318 954 4381 morigeretur
971 4333 1009 4378 es,
1024 4333 1054 4367 ne
1064 4334 1166 4368 munere
1177 4327 1221 4368 tus
1231 4319 1354 4381 relinquor

314 4422 326 4445 *
339 4425 370 4463 De
382 4426 421 4464 hoc
433 4435 493 4464 versu
505 4427 554 4471 quid
566 4425 654 4465 sentium
667 4428 746 4466 ostendi
759 4439 820 4476 supra
834 4440 881 4478 ρας,
895 4432 931 4479 55,
944 4433 992 4470 edu.
1006 4431 1025 4471 1.
