3180 5196
741 428 781 490 87

211 610 253 675 in
278 633 315 678 ea
337 617 413 698 agat
435 617 552 697 partes.
580 611 691 696 Neque
715 613 816 678 malus
840 613 946 678 solum
965 612 1117 678 mulieres
1141 613 1295 694 cantavit,

213 725 277 790 sed
309 725 408 790 etiam
438 724 618 810 permultas
641 723 785 814 uirgines
809 732 842 790 et
865 746 981 791 uxores
1004 725 1220 791 admiratione
1243 724 1296 790 vel

213 837 426 904 miseratione
460 837 680 933 dignissimae.
718 838 792 902 Non
816 839 921 903 diram
944 839 1041 904 modo
1065 839 1157 923 (ute
1181 860 1293 924 super·
1352 861 1355 868 ’

213 949 351 1015 stitibus
389 953 518 1016 tantum
553 949 709 1016 dramatis
740 952 893 1038 exempla.
916 952 1042 1038 petam)
1081 953 1229 1022 Medeam
1261 958 1294 1018 et

215 1063 400 1129 Phaedram
436 1063 583 1129 adultera
615 1063 748 1129 flamma
767 1064 940 1130 ardentem
966 1066 1063 1130 duxit
1085 1066 1121 1130 in
1145 1087 1294 1148 scenam,

216 1197 285 1241 non
309 1176 473 1242 Electram
497 1177 593 1242 modo
617 1177 778 1243 immitem
802 1178 893 1242 etin
917 1177 995 1243 Ione
1019 1177 1175 1244 Oreiisam
1194 1180 1295 1246 socle-

216 1296 321 1371 stam,
346 1288 403 1354 aed
426 1289 526 1354 etiam
538 1289 745 1376 Iphigeniam
758 1290 930 1356 amabilem
941 1283 1121 1377 puramque
1131 1291 1293 1376 puellam,

217 1400 421 1484 Polyxenam
452 1423 641 1488 generosam
674 1403 780 1490 regiae
804 1402 919 1469 domus
933 1404 1104 1488 sobolem,
1129 1406 1294 1490 Megaram
1355 1445 1357 1450 ,

216 1515 353 1600 dignam
389 1514 529 1581 Hercule
564 1517 698 1600 marito,
732 1516 908 1588 Macariam
945 1517 1105 1603 intrepide
1140 1521 1237 1585 morti
1260 1542 1295 1585 se

217 1627 425 1706 offerentem3
460 1650 527 1694 non
563 1629 721 1694 minorem
757 1628 790 1693 in
828 1629 1016 1696 Phoenissis
1049 1631 1181 1698 Jooaste
1203 1632 1296 1698 nohis

215 1739 326 1826 injicit
349 1741 401 1806 sui
424 1741 677 1807 misericordiam
701 1763 799 1827 quam
825 1742 1004 1828 Sophoclea
1027 1742 1102 1822 illa3
1127 1744 1294 1811 Alcestide

216 1877 286 1921 non
314 1861 424 1940 potest
445 1855 528 1941 fingi
551 1877 632 1921 unor
656 1855 804 1942 conjugis
827 1856 1006 1934 amantium
1032 1857 1169 1924 Hecuba
1192 1859 1294 1924 siccos

216 1991 286 2034 non
319 1969 399 2034 sinit
432 1989 576 2034 manere,
595 1969 726 2052 oculos,
760 1975 793 2034 et
827 1969 932 2054 magis
968 1971 1068 2036 etiam
1096 1978 1241 2037 moveret
1267 1973 1295 2036 si

217 2080 387 2166 aliquanto
410 2081 519 2147 minus
543 2082 678 2147 verbosa
701 2088 787 2148 esset
809 2087 843 2147 et
865 2086 967 2147 atrox.
992 2083 1183 2149 Absurdum
1194 2084 1297 2170 igitur

216 2194 247 2259 si
271 2194 393 2279 tragico
416 2193 566 2279 objicitur
589 2195 676 2282 quod
700 2196 893 2287 Penelopen·
910 2201 1032 2262 castam
1059 2219 1125 2262 non
1151 2198 1292 2264 celebra-

218 2309 274 2391 rit,
288 2307 468 2373 Phaedram
493 2309 767 2396 Menalippenque
784 2309 965 2394 impudicas
990 2309 1198 2376 celebraverit
1216 2321 1237 2395 ¹,
1262 2318 1296 2378 et

217 2421 315 2487 illum
344 2428 429 2488 certe
466 2422 883 2508 Thesmophoriazusarum.
909 2424 1016 2516 locum
1052 2446 1235 2490 annumero·
1254 2426 1294 2490 iis

218 2521 479 2603 accusationibus
503 2559 583 2623 quas
603 2537 671 2604 sive
683 2537 813 2620 Attica,
830 2558 911 2622 quae
927 2536 973 2602 ibi
985 2530 1294 2623 loquitur,'mulier,

219 2649 289 2715 sive
324 2649 394 2735 ipse
426 2649 662 2742 Aristophanes
696 2657 816 2716 temere
839 2650 874 2714 in
899 2649 1090 2752 Euripidem
1108 2650 1248 2735 jactavit
1262 2660 1294 2728 ²3
1335 2685 1340 2704 ι

219 2784 299 2827 nam
323 2764 352 2828 si
372 2763 411 2828 de
421 2785 487 2829 nna
500 2763 663 2850 Penelope
674 2764 794 2850 tacuit,
807 2770 843 2830 at
858 2763 941 2830 aliae
951 2764 1134 2851 complures
1147 2764 1295 2852 egregiae

218 2875 372 2940 heroinae
395 2874 464 2960 ejus
489 2877 664 2962 tragoediis
688 2878 808 2943 debent
838 2877 959 2967 famam
984 2877 1202 2944 immortalem
1217 2886 1239 2944 ³.

242 3125 261 3180 ,i
296 3123 448 3188 Thesmoph.
464 3139 500 3172 vs.
518 3127 566 3174 546
585 3139 649 3188 sqq.:

349 3213 462 3272 ἐπίτηδες
479 3212 598 3276 εὑρίσκων
614 3213 720 3278 λόγους,
741 3211 807 3262 ’ὁπου
824 3213 889 3278 γυνὴ
908 3215 1008 3277 πονηρὰ

349 3300 460 3367 ἐγένετο,
478 3301 652 3358 Μελανίππας
670 3305 751 3350 ποιῶν
768 3301 881 3363 Φαίδρας
898 3315 937 3348 rs'
956 3303 1109 3362 Πηνελόπην
1125 3303 1150 3352 δὲ

306 3369 309 3376 ¹
351 3391 481 3441 οὐπώποτ’
499 3391 605 3452 ἐποίησ’,
624 3391 661 3440 ὅτι
678 3391 744 3456 γυνὴ
761 3391 866 3456 σώφρων
882 3390 967 3445 ἔδοξεν
984 3393 1055 3441 εἶναι.

252 3481 265 3515 ²
296 3482 366 3544 Quae
390 3479 466 3528 etiam
491 3487 527 3542 est
552 3479 635 3543 opinio
652 3479 684 3529 K.
704 3478 734 3530 0.
751 3478 855 3528 Mulieri
872 3479 963 3530 Gesch.
980 3481 1024 3529 der
1040 3479 1086 3552 Gr.
1104 3480 1154 3530 Lu.
1172 3479 1214 3539 ΙΙ,
1236 3483 1294 3531 146ι

217 3574 299 3624 “Man
315 3569 383 3622 kann
400 3571 453 3620 sich
469 3571 582 3627 denken,
600 3570 647 3618 wie
664 3569 747 3618 vielen
764 3570 872 3622 Anstos's
888 3570 941 3621 dies
949 3571 1135 3622 Hervorziehcu
1145 3572 1188 3620 der
1196 3572 1296 3622 Frauen
1381 3582 1385 3588 ·

219 3669 282 3713 “ans
298 3663 342 3712 der
358 3661 500 3711 hauslichen
516 3660 714 3724 Beschrdnkung
732 3663 783 3710 und
801 3661 1081 3725 Zuriickgeuogenheit,
1098 3661 1125 3710 in
1142 3661 1250 3710 welcher
1260 3661 1296 3710 sie

217 3755 263 3802 “in
287 3751 374 3802 Athen
397 3751 490 3810 lebten,
517 3750 600 3813 geben
624 3757 729 3808 musste;
746 3751 806 3800 aber
824 3766 850 3801 es
867 3751 945 3801 heisst
961 3753 1017 3801 dem
1034 3751 1167 3815 Euripides
1182 3751 1296 3800 Unreoht

217 3842 298 3892 “rhun
322 3854 396 3890 wenn
420 3853 479 3888 man
502 3838 559 3896 ihn,
586 3839 633 3886 wie
659 3838 842 3901 Aristophanes
858 3839 947 3904 pflegt,
965 3855 997 3889 zu
1013 3840 1087 3889 einen
1104 3840 1295 3890 Weiberhasser
1352 3858 1357 3866 ·

220 3930 330 3988 “macha
357 3929 425 3978 scine
448 3928 668 3990 Bahandlungsart
691 3927 749 3977 thut
771 3929 818 3977 den
836 3931 935 3980 Frauen
953 3930 1107 3992 wenigstens
1124 3931 1187 3980 eben
1203 3944 1229 3978 so
1246 3929 1296 3980 viel

154 4019 157 4021 ’
221 4021 306 4072 “Ehre
323 4021 370 4070 wie
386 4019 509 4071 Schmach
525 4019 581 4070 an.‘'
599 4047 631 4057 —
647 4019 709 4070 Vid.
727 4020 801 4070 etium
817 4021 875 4071 ibid.
893 4037 950 4086 pag.
966 4025 1023 4075 247.

256 4113 265 4143 ³
299 4110 384 4160 Aliter
396 4109 524 4174 judicatur
539 4124 555 4156 a
571 4109 742 4170 Mommscno,
764 4109 807 4172 qui
823 4110 850 4158 in
867 4110 956 4161 ultimo
971 4110 1051 4175 capite
1067 4109 1141 4175 primi
1157 4109 1218 4159 tomi
1235 4124 1295 4158 suae

221 4202 347 4252 Historiae
371 4201 499 4252 Romanae
517 4199 716 4262 elegantissime,
738 4200 785 4248 etsi
800 4213 845 4263 pro
862 4215 906 4250 sno
922 4200 1024 4250 oonsilio
1040 4200 1158 4259 breviter,
1174 4201 1205 4248 de
1222 4198 1294 4248 Euri-

222 4291 281 4354 pide
297 4291 431 4349 disserens,
448 4290 483 4338 ita
505 4287 592 4337 scribit
610 4289 659 4348 (ed.
675 4297 762 4337 sextae
779 4305 835 4354 pag.
853 4291 924 4354 908):
957 4291 1024 4339 “Die
1041 4289 1239 4352 Schilderuugon
1250 4295 1294 4338 ner

223 4377 318 4441 “willig
335 4377 481 4427 sterbsnden
500 4377 640 4440 Polyxena,
657 4378 701 4426 der
718 4393 762 4426 vor
784 4379 924 4442 goheimem
940 4378 1294 4444 Liebesgram.vergehcnden

224 4467 368 4525 “Phaedre‚
386 4481 430 4516 vor
446 4455 519 4516 aliern
536 4466 575 4516 die
592 4467 744 4530 praehtvolle
763 4469 941 4532 der.mystisch
956 4466 1295 4520 verziicktenBakohensind
