3150 5196
730 401 771 462 29

250 587 322 652 Non
347 586 449 672 igitur
473 585 574 650 animi
598 584 731 670 quidam
756 585 898 669 impetus
924 584 980 649 sed
1006 583 1124 650 callida
1147 585 1278 650 ratioci-

206 699 295 764 natio
316 699 446 764 induxit
470 697 659 784 Euripidem
685 704 722 763 ut
742 697 805 762 diis
818 697 926 789 locum
938 697 1029 763 daret
1042 699 1075 762 in
1091 699 1275 784 tragoediis.

206 812 271 878 Hic
301 834 377 878 vero
407 810 437 875 ei
458 810 576 877 accidit
599 810 685 895 quod
709 831 805 896 saepe
828 811 897 875 fieri
925 810 1075 876 videmus
1098 833 1197 899 quum
1222 834 1279 897 per

206 927 314 995 nisum
349 924 474 1011 aliquid
513 924 582 989 loco
621 944 749 988 movere
782 945 954 1007 conamur,
989 930 1027 989 ut
1061 923 1118 989 diu
1144 925 1278 991 obstans

207 1038 327 1103 nostris
357 1037 499 1119 viribus,
525 1037 579 1102 ubi
605 1036 736 1103 tandem
761 1037 848 1102 cedit
867 1038 953 1102 ultra
977 1059 1075 1123 quam
1100 1039 1179 1102 satis
1203 1060 1279 1124 pro·

208 1149 306 1216 siliat.
345 1149 453 1216 Simili
475 1151 547 1236 lege
568 1149 693 1216 factum
717 1159 768 1216 est
790 1156 828 1215 ut
850 1150 1035 1234 Euripides,
1061 1171 1162 1236 quum
1178 1150 1279 1216 semel

208 1261 272 1327 sibi
293 1263 508 1348 persuasisset
531 1263 730 1348 tragoediam
757 1285 887 1348 poscere
911 1263 988 1328 deos
1012 1263 1164 1328 humanis
1183 1265 1280 1329 rebus

210 1396 244 1439 se
267 1375 508 1458 immiscentes,
532 1375 566 1440 in
592 1375 634 1441 iis
656 1377 777 1441 utendo
802 1376 933 1442 modum
957 1375 1020 1442 sibi
1041 1398 1160 1461 ponere
1175 1377 1280 1442 nesci-

210 1490 311 1567 verit3
333 1489 445 1574 itaque
464 1490 543 1554 dum
567 1489 754 1574 Charybdin
775 1495 869 1555 caute
893 1488 995 1554 vitare
1017 1490 1080 1554 sibi
1094 1481 1279 1572 ridebatur,

210 1601 399 1687 imprudens
432 1601 465 1665 in
501 1601 644 1686 Scyllam
675 1602 806 1685 incidit,
843 1623 908 1668 non
935 1603 1044 1669 minus
1072 1604 1280 1670 metuendam

210 1716 340 1801 gurgite
363 1737 458 1801 quem
483 1715 620 1801 fugerat
670 1715 799 1780 Passim
820 1715 889 1801 ejus
912 1716 1042 1782 fabulae
1059 1724 1187 1782 scatent
1197 1717 1279 1794 diis3

211 1851 307 1914 saepe
336 1828 406 1914 jam
439 1829 559 1895 adsunt
596 1829 652 1894 ubi
692 1829 851 1914 premitur
887 1829 1056 1913 aulaeum,
1096 1830 1158 1917 qui
1187 1831 1281 1896 nobis

212 1941 322 2006 futura
344 1947 483 2024 canant,
506 1940 653 2006 iracundi
677 1964 772 2027 saepe
788 1951 821 2008 et
836 1965 938 2030 paene
954 1943 1083 2008 scelesti
1095 1945 1116 2021 ¹3
1134 1949 1167 2008 et
1183 1943 1282 2008 etiam

211 2054 242 2118 si
265 2075 319 2119 eos
342 2075 408 2118 non
430 2053 596 2137 videmus,
622 2055 742 2121 scimus
766 2063 874 2120 tamen
897 2056 931 2120 in
956 2056 1096 2122 nubibus
1108 2056 1160 2150 rel
1171 2055 1282 2141 potius

212 2167 247 2230 in
279 2166 430 2232 machina
462 2166 601 2251 pendere
635 2167 810 2246 sublimes,
843 2169 957 2254 quovis
982 2169 1137 2254 temporis
1161 2173 1283 2253 puncto

213 2287 343 2363 paratos
364 2279 400 2344 in
424 2286 543 2345 terram
570 2280 718 2347 devolare
741 2288 779 2348 ut
802 2281 972 2347 hominum
997 2304 1047 2348 res
1070 2283 1197 2368 quietas
1213 2288 1283 2347 tur-

214 2394 309 2476 bent,
346 2399 404 2458 aut
437 2393 539 2459 nodos
574 2395 761 2461 rescindant
795 2396 1000 2462 terrestribus
1034 2395 1185 2462 manibus
1218 2417 1285 2460 non

215 2505 395 2570 solvendos.
442 2506 576 2571 Atenim
604 2529 678 2572 oum
703 2514 832 2572 tantum
857 2508 958 2573 situm
982 2509 1085 2574 sitin
1109 2507 1283 2589 coelicolis,

215 2618 270 2682 vix
304 2618 490 2685 hominibus
524 2641 601 2685 suae
633 2625 741 2705 partes
774 2628 917 2700 restant3
954 2644 1018 2686 non
1046 2627 1150 2708 agunt
1173 2621 1208 2686 hi
1228 2623 1284 2686 sed

215 2738 372 2816 aguntur3
384 2755 487 2818 pupas
497 2735 590 2800 nobis
600 2735 708 2800 videre
716 2735 863 2800 videmur
872 2736 905 2799 in
916 2757 1012 2800 scena
1020 2735 1285 2819 νευρόσπάστους,

215 2865 353 2945 quorum
385 2845 442 2909 fila
477 2853 647 2912 teneantur
679 2871 699 2912 a
733 2848 942 2930 numinibus,
975 2855 1203 2932 utnusquam
1227 2868 1286 2911 sua

217 2964 333 3042 sponte
358 2981 392 3026 se
416 2982 544 3026 movere
567 2961 697 3046 possint
722 2962 778 3028 sed
806 2962 868 3027 huo
890 2960 968 3026 illuc
990 2960 1161 3026 trahantur
1180 2958 1285 3023 alieno

216 3069 358 3136 arbitrie.
406 3074 453 3138 At
485 3074 558 3159 quis
586 3097 730 3161 unquam
753 3076 932 3140 admiratus
959 3073 1010 3139 vel
1041 3073 1213 3137 miseratus
1236 3077 1287 3136 est

217 3190 359 3270 pupam?
405 3186 545 3253 Necesse
565 3196 615 3252 est
641 3195 823 3274 spectemus
848 3187 996 3252 homines
1018 3186 1121 3251 nostri
1146 3183 1283 3264 similes,

217 3306 254 3365 ut
285 3322 394 3366 eorum
421 3302 490 3367 fata
520 3323 579 3367 nos
604 3308 736 3388 tangere
756 3301 894 3386 possint.
945 3299 1099 3385 Quisquis
1119 3319 1195 3364 vero
1219 3319 1284 3362 non

218 3435 345 3478 servum
381 3416 430 3479 vel
452 3433 578 3480 'merum
602 3415 857 3481 instrumentum
880 3415 935 3481 sed
958 3413 1124 3479 homiuem
1148 3412 1285 3477 liberum

217 3649 312 3712 superis
336 3664 409 3699 curae
435 3649 481 3710 sit,
508 3658 535 3698 ιιι
556 3651 580 3697 in
606 3649 651 3698 hoe
668 3648 719 3711 ipsa
734 3663 832 3712 qnoque
849 3648 936 3697 fabula.
971 3647 1021 3697 Ubi
1038 3647 1069 3694 de
1087 3660 1132 3694 sua
1147 3643 1245 3706 origine
1261 3657 1287 3690 se

218 3739 330 3788 dubitare
355 3740 460 3798 latetur,
486 3739 546 3788 mihi
570 3738 596 3786 in
621 3747 729 3787 mentem
756 3746 855 3788 revocat
876 3735 961 3798 jocum
986 3733 1175 3797 Aristophanis,
1199 3733 1241 3796 qui
1258 3732 1288 3779 de

217 3840 287 3892 patre
303 3829 469 3892 interrogatus
485 3830 612 3892 rospondit
629 3829 748 3878 versiculo
765 3827 913 3878 Homerico:

282 3919 363 3983 μήτηρ
379 3918 426 3982 μὲν
443 3918 468 3968 τέ
485 3918 514 3981 μὲ
532 3929 590 3983 φησι
607 3920 652 3967 τοῦ
670 3919 785 3983 ἔμμεναι,
803 3919 885 3983 αὐτὰρ
901 3917 976 3982 ἔγωγε

282 4009 327 4057 οὐκ
344 4007 399 4069 οἶδ’,
417 4008 446 4056 οὐ
462 4007 510 4072 γάρ
528 4007 567 4056 πώ
585 4025 622 4064 τις
639 4007 681 4055 ἑὸν
698 4005 776 4071 γόνον
792 4006 869 4064 αὐτὸς
886 4003 992 4069 ἀνέγνω.
1011 4002 1122 4066 (proleg.
1140 4001 1221 4051 Arist.
1233 4001 1288 4049 XII

219 4097 307 4161 Diud)
324 4126 354 4134 -
373 4098 469 4149 Similia
484 4107 584 4163 possent
600 4096 728 4146 observari
745 4096 775 4144 dc
792 4095 847 4144 looo
863 4096 887 4144 in
906 4095 1032 4144 Troadum
1044 4091 1125 4141 fabula
1134 4106 1170 4139 ve.
1179 4091 1228 4140 969
1236 4105 1287 4153 sqq.

254 4187 260 4217 ¹
295 4190 375 4238 ‘'Dass
402 4203 433 4236 au
456 4190 503 4238 den
525 4186 680 4251 Tragilrern,
697 4185 790 4233 welche
807 4184 859 4233 sich
876 4183 945 4233 nicht
961 4181 1081 4232 schemen
1098 4180 1138 4230 die
1155 4179 1245 4230 Gdtter
1262 4180 1288 4227 in

219 4277 395 4341 αιιιιιιίιιᾱῐςοι·
421 4277 504 4327 Weiss
520 4275 640 4326 mitreteu
659 4289 689 4322 au
706 4273 797 4331 lassen,
814 4270 946 4336 Euripides
963 4271 1069 4335 geht'rre,
1085 4270 1147 4320 wird
1164 4269 1287 4319 Niomand
1375 4313 1393 4330 ,

219 4366 261 4413 “in
288 4366 389 4416 Abrede
411 4366 514 4423 staden,
530 4378 558 4414 so
575 4363 676 4426 giinstig
694 4375 721 4411 er
738 4361 801 4410 auch
817 4369 886 4411 sonet
901 4361 962 4410 iiber
978 4362 1027 4410 den
1043 4359 1148 4410 Dichter
1165 4357 1288 4408 urtheilen
1390 4405 1392 4411 ,

221 4454 320 4518 “mag''
354 4455 468 4507 Sohoem.
484 4455 528 4506 Gr.
549 4450 671 4502 Αἱιοιιιι8
688 4451 724 4509 ΙΙ,
741 4466 797 4514 pag.
816 4451 872 4501 589.
