3154 5198
681 958 853 1035 CAPUT
879 957 925 1035 V.

536 1173 710 1224 EURIPIDES
735 1179 769 1223 IN
792 1181 895 1226 SOENA
920 1177 1056 1228 RHETOR.

717 1352 882 1364 ΝᾺΛΛΛΛΑΛ,

310 1497 407 1566 Arete
439 1518 511 1566 cum
550 1501 607 1565 illa
630 1502 807 1587 sapientiae
825 1503 1004 1587 jactatione
1027 1502 1174 1568 cohaeret
1196 1495 1334 1568 alterum

261 1609 433 1698 Euripidis
468 1612 601 1696 vitium,
638 1614 678 1678 ab
708 1613 927 1730 Aristophane
957 1615 1167 1680 inclementer
1200 1615 1334 1699 perstri-

261 1731 368 1792 ctum:
407 1725 499 1811 quod·
526 1725 599 1811 plus
625 1748 725 1811 aequo
748 1726 817 1812 egit
844 1733 1012 1792 oratorem.
1061 1725 1106 1792 Et
1128 1727 1181 1792 hic
1204 1727 1333 1814 quidem

262 1838 472 1922 pervenimus
518 1839 559 1903 ad
599 1839 695 1924 longe
737 1839 965 1924 gravissimam
999 1840 1256 1922 accusationem,
1295 1862 1335 1905 ne

262 1949 411 2037 ἀσεβείας
442 1950 572 2038 quidem
595 1951 729 2017 crimine
752 1951 924 2035 leviorem,
949 1952 990 2016 ad
1005 1974 1117 2017 verum
1132 1953 1256 2018 fontem
1269 1951 1335 2018 odii
1400 2001 1401 2006 η

263 2063 350 2148 quod
384 2064 524 2128 comicus
555 2064 708 2130 adversus
743 2065 902 2150 tragicum
934 2065 1075 2150 gerebat.
1125 2065 1210 2129 Nam
1234 2085 1334 2150 quum

261 2199 302 2240 ea
332 2198 412 2262 quae
444 2177 539 2242 modo
575 2177 785 2243 tractavimus
820 2178 1005 2263 pertineant
1024 2178 1077 2242 -ad
1105 2177 1268 2262 judicium
1296 2177 1335 2242 de

261 2288 428 2374 Euripidis
456 2289 611 2356 facultate
632 2291 777 2375 poetica,
802 2291 862 2355 hoc
877 2291 1008 2356 nomine
1019 2289 1233 2375 Aristophani
1244 2289 1333 2354 visus

260 2406 313 2466 est
339 2406 503 2486 corruptor
520 2402 706 2487 juventutis
730 2409 763 2467 et
785 2425 887 2487 paene
910 2401 1053 2468 civitatis
1077 2401 1244 2486 pernicies.

308 2514 549 2580 Valckenarius
581 2515 615 2580 in
639 2516 779 2601 quodam
803 2516 909 2601 capite
932 2515 1113 2600 praeclarae
1137 2514 1227 2580 illius
1252 2514 1333 2578 Dia-

262 2627 364 2694 tribes
401 2629 469 2713 egit
498 2628 538 2693 de
566 2628 668 2694 abusu
698 2629 901 2714 eloquentiae
932 2629 1024 2714 apud
1051 2628 1198 2711 Atticos,
1223 2633 1256 2692 et
1277 2648 1335 2713 per

259 2741 382 2806 multos
417 2740 502 2807 locos
526 2763 566 2806 ex
582 2741 748 2827 Euripidis
765 2742 886 2808 fabulis
901 2741 1018 2808 allatos
1031 2741 1176 2808 evincere
1191 2738 1333 2823 studuit,

260 2875 337 2919 eum
367 2852 496 2918 nemine
520 2852 651 2938 segnius
674 2853 873 2940 improbasse
895 2854 992 2919 illum
1018 2854 1157 2919 abusum
1176 2853 1197 2917 ¹.
1245 2852 1334 2917 Num

258 2987 335 3032 vero
376 2965 451 3031 inde
485 2966 639 3052 sequitur,
676 2965 795 3051 injuria
826 2989 900 3033 eum
938 2966 978 3032 ab
1012 2966 1232 3051 Aristophane
1265 2985 1334 3029 esse

259 3081 429 3144 taxatum?
483 3079 557 3144 Non
582 3084 671 3163 puto.
708 3079 795 3145 Nam
817 3086 855 3146 ut
877 3080 1046 3162 omittam,
1070 3100 1136 3144 non
1160 3077 1240 3144 satis
1263 3098 1333 3142 esse

258 3193 386 3279 aliquot
407 3192 457 3258 lcc
470 3213 505 3258 os
528 3192 743 3259 sententiosos
765 3192 925 3278 proferre,
950 3198 988 3258 ut
1009 3192 1124 3278 probes
1143 3190 1333 3277 Euripidem

259 3307 464 3372 abstinuisse
494 3329 513 3371 a
542 3307 629 3372 malo
652 3305 822 3372 facundiae
844 3328 924 3389 usu,
948 3313 983 3370 at
1005 3327 1070 3370 non
1092 3305 1213 3371 abusus
1237 3303 1332 3368 modo

259 3420 317 3485 sed
354 3422 422 3506 ipse
455 3419 652 3507 frequentior
688 3442 766 3485 usus
790 3419 992 3507 eloquentiae
1015 3419 1138 3484 comico
1162 3417 1332 3483 videbatur
1413 3454 1422 3466 ψ

295 3715 301 3744 ¹
334 3714 463 3778 Frigidam
484 3718 592 3780 gratiam
609 3731 649 3768 me
665 3716 784 3767 initurum
800 3724 924 3781 putarem,
942 3717 1048 3767 silocos
1064 3717 1120 3765 illos
1138 3715 1301 3765 describerem
1318 3727 1332 3761 o

257 3785 421 3853 Valckenarii
446 3805 572 3856 notissimo
597 3821 679 3870 opere.
714 3807 801 3857 Unum
827 3808 928 3865 addam,
952 3822 1001 3856 non
1025 3807 1056 3856 ab
1077 3821 1106 3855 eo
1127 3805 1240 3862 allatum,
1258 3816 1331 3867 quem

256 3892 368 3955 legimus
385 3893 450 3956 apud
466 3893 628 3944 Plutarchum
646 3895 736 3944 Moral.
753 3911 809 3959 pag.
826 3897 875 3944 539
892 3896 923 3952 B,
936 3896 977 3945 ubi
988 3895 1121 3958 Euripides
1133 3893 1226 3943 civium
1235 3893 1332 3940 dicendi

257 3981 393 4031 lubidinem
410 3983 436 4030 in
452 3982 517 4032 bunc
533 3986 634 4033 modum
650 3985 766 4048 corripit:

485 4097 505 4145 εἰ
522 4095 542 4145 δ’
558 4098 625 4157 ἦσαν
642 4097 813 4162 ἀνθρώποισιν
830 4098 922 4156 ὠνητοὶ
939 4097 1023 4162 λόγοι,

486 4183 565 4242 οὐδεὶς
583 4185 615 4234 ἂν
632 4183 713 4235 αὑτὸν
730 4187 755 4234 εὖ
771 4183 852 4248 λέγειν
870 4179 999 4246 ἐβούλετο.

485 4274 533 4322 νῦν
551 4271 580 4335 δ’,
598 4273 624 4321 ἐκ
639 4271 745 4335 βαθείας
762 4275 810 4338 γὰρ
828 4273 949 4337 πάρεστιν
966 4271 1065 4337 αἰθέρος

486 4360 578 4424 λαβεῖν
595 4360 696 4424 ἀμισθί,
713 4363 765 4419 πᾶς
782 4379 820 4418 τις
837 4361 920 4421 ἥδεται
935 4359 1017 4426 λέγων

486 4449 517 4496 τά
535 4447 555 4496 τ’
574 4448 638 4497 ὄντα
655 4449 695 4497 καὶ
713 4448 755 4512 μή·
774 4449 866 4512 ζημίαν
882 4450 930 4512 γὰρ
949 4449 992 4498 οὐκ
1009 4448 1066 4512 ἔχει.
1078 4447 1178 4512 (fragm.
1188 4449 1237 4498 968
1245 4448 1332 4510 Diud.)

1151 4539 1195 4602 δῦ
