3154 5198
735 953 909 1031 CAPUT
936 952 1009 1029 IV.

567 1173 743 1218 EURIPIDES
765 1172 800 1216 IN
823 1171 926 1218 SOENA
950 1169 1184 1216 PHILOSOPHUS.

381 1487 457 1552 dam
489 1487 531 1552 ad
563 1487 694 1553 tertium
728 1486 845 1551 vitium
874 1491 1075 1550 transeamus
1099 1482 1185 1569 quod
1212 1482 1413 1568 elanguere

337 1597 424 1683 ignis
457 1599 576 1684 poetioi
605 1598 704 1665 fluere
730 1597 799 1663 dixi
823 1598 937 1683 (supra
959 1618 1033 1682 pag.
1060 1597 1138 1680 39):
1162 1596 1412 1682 πολυγυωμικὸν

337 1709 441 1794 illud,
473 1709 597 1797 ῥήσεων
628 1709 925 1797 philosophicarum
952 1709 987 1773 in
1010 1707 1079 1794 ejus
1104 1706 1278 1793 tragoediis
1302 1705 1410 1770 abun-

338 1822 501 1908 dantiam,
536 1846 617 1910 quae
648 1845 669 1890 a
699 1823 813 1890 multis
840 1845 935 1909 saepe
960 1822 1093 1888 laudata
1114 1821 1171 1887 sed
1194 1818 1410 1904 Aristophani

338 1935 497 2002 derisione
518 1935 618 2022 digna
640 1936 711 2003 visa
733 1942 791 2002 est.
820 1995 826 2008 .

383 2051 423 2115 In
452 2054 529 2115 noto
560 2050 727 2115 Ranarum
757 2049 829 2115 loeo
852 2048 1025 2134 Euripides
1050 2070 1143 2115 suam
1166 2048 1294 2114 fabulas
1317 2069 1409 2112 oom-

336 2161 479 2248 ponendi
509 2163 669 2229 rationem
701 2162 913 2246 describens,¹
937 2183 1016 2248 eg0‚
1049 2162 1148 2247 dicit,
1177 2162 1240 2228 arti
1267 2160 1412 2247 tragicae,

337 2275 478 2341 subduxi
500 2276 639 2342 nimium
666 2281 826 2341 tumorem
839 2275 1075 2360 Aeschyleum‚
1093 2276 1198 2364 χυλὸν
1211 2273 1317 2350 διδοὺς
1329 2303 1408 2338 στω-

334 2386 521 2470 μυλμάτων,
549 2389 625 2455 ἀπὸ
645 2386 835 2475 βιβλίων
857 2387 988 2464 ἀπηθῶν
1013 2389 1075 2468 (vs.
1103 2391 1195 2474 943).
1244 2386 1334 2454 Libri
1356 2385 1407 2450 illl

297 2573 300 2578 Α
335 2499 503 2587 Euripidis
527 2502 646 2568 iterum
668 2508 840 2568 occurrunt
863 2524 908 2566 vs.
936 2503 1038 2584 1409,
1062 2500 1118 2566 ubi
1140 2501 1321 2585 Aeschylus
1333 2487 1426 2586 per-¹

336 2635 432 2698 quam
467 2615 604 2700 superbe
635 2615 731 2698 dicit,
758 2616 821 2681 tria
843 2637 902 2681 sua
928 2616 1025 2681 verba
1048 2615 1077 2680 si
1099 2615 1183 2680 libra
1204 2614 1402 2700 pendantur,

335 2725 441 2810 majus
472 2727 622 2794 habitura
653 2728 780 2814 pondus
810 2750 907 2814 quam
939 2727 1159 2822 adversarium
1181 2747 1254 2792 oum
1278 2724 1404 2790 familia

336 2859 395 2903 sue
418 2845 451 2904 et
476 2845 546 2906 tota
568 2863 627 2906 sua
649 2841 846 2923 bibliotheca
869 2841 963 2908 alteri
979 2841 1066 2906 lanei
1080 2839 1280 2925 impositum.
1318 2838 1402 2904 Con-

336 2957 402 3016 stat
425 2963 535 3018 autem
557 2954 655 3019 etiam
680 2954 828 3038 aliunde,
855 2954 991 3040 (Athen.
1018 2953 1106 3038 Epit.
1135 2953 1163 3034 Ι,
1187 2973 1261 3037 pag.
1289 2951 1335 3036 3),
1352 2973 1402 3015 re-

335 3085 410 3131 vera
433 3066 624 3154 Euripidem
647 3068 905 3154 colligendorum
931 3068 1088 3147 librorum
1112 3066 1207 3132 valde
1221 3064 1402 3130 studiosum

334 3176 451 3264 fuisse,
476 3185 510 3246 et
532 3182 584 3247 vel
604 3182 748 3268 primum
764 3182 912 3247 extitisse
927 3181 982 3266 qui
998 3181 1159 3266 privatam
1172 3179 1401 3246 bibliothecam

334 3292 475 3359 haberet
523 3293 636 3381 Neque
666 3279 883 3362 dubitandum
914 3301 964 3360 est
994 3294 1072 3381 quin
1097 3293 1210 3360 sedulo
1232 3293 1273 3358 iis
1297 3292 1401 3359 subsi-

335 3405 399 3472 diis
424 3407 589 3476 doetrinae
609 3430 689 3476 usus
712 3408 774 3488 sit;
799 3414 898 3474 testes
922 3415 1000 3473 sunt
1022 3407 1144 3493 passim
1168 3406 1237 3492 ejus
1260 3405 1398 3488 fabulae,

292 3585 294 3590 .
334 3538 409 3584 eum
439 3520 514 3604 plus
545 3520 648 3587 nimio
678 3521 879 3588 evetorihus
903 3519 1100 3586 membranis
1123 3519 1279 3585 hausisse.
1326 3518 1400 3582 Tra-

333 3630 465 3717 goedias
489 3654 563 3700 eum
585 3635 798 3700 meditaretur
819 3655 884 3699 non
896 3639 1026 3700 secutus
1038 3637 1090 3698 est
1101 3653 1232 3697 auream
1244 3630 1398 3716 regulam,

333 3767 416 3831 quae
436 3745 617 3832 antiquitus
640 3768 741 3833 aeque
764 3746 866 3813 valuit
887 3768 924 3812 ao
947 3745 1059 3811 hodie:

378 3859 572 3925 “Materiam
596 3882 636 3925 ex
658 3860 829 3926 hominum
853 3859 961 3926 media
983 3861 1080 3926 modo
1096 3861 1216 3926 sumite
1231 3860 1356 3941 vita¹”,

333 3971 390 4037 sed
420 3971 529 4058 potius
549 3972 634 4039 inter
657 3973 825 4039 thesauros
849 3973 1040 4038 eruditionis
1071 3995 1151 4060 quos
1179 3973 1242 4039 sibi
1266 3973 1397 4058 conqui-

333 4084 453 4150 siverat
485 4085 624 4171 degens,
660 4086 762 4152 vitam
798 4093 831 4152 et
865 4086 1014 4152 homines
1048 4087 1302 4154 ebibliotheoae
1325 4111 1397 4154 suae

346 4203 585 4214 ...ψ

366 4257 372 4288 ¹
407 4255 504 4307 “Greiit
529 4272 577 4306 nur
601 4257 684 4307 hinein
705 4258 744 4306 ins
770 4258 834 4306 rolle
851 4237 1083 4310 Menselrenleben.''
1117 4259 1219 4320 (Goeth.
1234 4261 1312 4310 Faust
1326 4260 1397 4324 prol.)

331 4347 360 4395 In
387 4346 572 4395 narratiuncula
596 4348 661 4409 apud
685 4347 741 4396 Val.
766 4347 907 4398 Maximum
932 4347 987 4405 111,
1013 4347 1123 4410 7jaeat
1139 4362 1166 4398 so
1183 4363 1283 4413 operam
1299 4351 1358 4398 dore
1373 4358 1397 4398 ot

329 4436 448 4500 populum
463 4437 563 4492 doceat,
580 4450 631 4483 oon
648 4440 677 4482 ut
693 4436 725 4483 ab
743 4451 769 4484 eo
786 4437 878 4486 diram.
