3150 5196
702 377 758 469 '51

196 591 338 658 Hecuba
361 592 450 656 canit
473 591 650 676 Euripidea
668 591 689 672 ¹,
707 557 852 678 longiore
876 599 984 659 tamen
1012 617 1108 680 quam
1126 618 1206 682 quae
1223 595 1276 664 hic

196 705 410 790 exscribatur.
460 702 571 768 Etiam
597 704 630 768 in
656 705 838 791 Vesparum
861 707 973 789 initio,
998 709 1054 773 ubi
1078 710 1198 795 duplex
1223 734 1275 778 so-

197 817 328 883 mnium
340 823 499 900 narratur,
512 816 654 882 comicus
669 816 805 883 fortasse
817 817 1006 904 Euripidem
1021 823 1172 906 respexit.
1198 823 1277 888 Miri

198 931 321 996 abusus
352 931 486 1016 praebet
511 930 696 1015 exemplum
726 931 853 997 Rhesus
877 931 1004 1016 fabula,
1029 935 1063 998 in
1088 958 1152 1020 qua
1178 937 1277 1002 Rhesi

203 1045 318 1129 auriga
352 1043 476 1109 refert²
499 1049 536 1108 ut
560 1042 686 1108 somnio
709 1043 828 1108 viderit
852 1044 945 1129 lupos
969 1046 1152 1114 insilientes
1175 1050 1276 1134 tergis

201 1177 359 1242 equorum
393 1156 561 1238 herilium,
593 1157 837 1243 expergefactus
868 1166 978 1225 autem
1003 1162 1200 1228 trucidatum
1225 1163 1276 1224 in·

199 1270 326 1336 venerit
349 1269 494 1334 Rhesum
518 1275 551 1334 et
573 1291 671 1354 equos
698 1270 738 1335 ab
762 1270 860 1336 Ulixe
880 1278 912 1336 et
937 1271 1094 1338 Diomede
1111 1275 1275 1340 abductos.
1388 1358 1390 1364 Ι

201 1383 332 1448 Numen
368 1383 469 1470 igitur
503 1383 555 1448 vel
590 1405 744 1469 equorum
780 1392 898 1452 sortem
933 1386 1069 1472 dignam
1087 1388 1215 1474 judicat
1238 1390 1277 1454 dc

201 1521 267 1584 qua
289 1497 384 1584 signa
407 1498 502 1563 edat?
549 1497 613 1564 Sed
637 1519 654 1563 e
677 1498 824 1564 dramate
848 1499 906 1564 illo
922 1507 1073 1584 suspecto
1086 1482 1279 1587 argumenta

200 1617 310 1697 petere
341 1611 435 1689 nolo;
470 1611 560 1676 aliud
590 1611 701 1696 potius
725 1612 878 1678 adeamus
901 1613 989 1698 quod
1012 1620 1117 1679 certes
1140 1621 1191 1680 est
1214 1614 1277 1679 ori-

200 1721 308 1812 ginis,
341 1725 548 1812 Iphigeniam
580 1725 766 1810 Tauricam,
797 1727 830 1791 in
855 1727 947 1813 cujus
969 1727 1104 1813 prologo
1127 1749 1185 1813 per
1207 1728 1277 1792 ani-

201 1838 269 1904 lem
301 1839 565 1925 superstitionem
601 1838 727 1904 somnio
759 1839 897 1924 quodam
932 1840 1106 1927 Iphigenia
1127 1840 1279 1926 portendi

202 1958 299 2038 putat
332 1958 468 2019 mortem
502 1951 612 2017 fratris
646 1951 778 2018 Orestis.
828 1951 900 2018 Scio
931 1953 1063 2039 quidem
1087 1953 1279 2039 Euripidem

201 2087 269 2130 non
297 2067 440 2152 primum
472 2065 607 2131 somniis
631 2065 664 2129 in
689 2065 856 2150 tragoedia
877 2087 974 2130 usum
998 2087 1086 2149 esse,
1111 2067 1168 2132 sed
1195 2066 1279 2131 male
1344 2127 1345 2131 ,

202 2201 300 2244 usum
332 2178 510 2255 oontend03
543 2198 646 2263 neque
677 2176 763 2262 quod
795 2177 868 2242 aliis
901 2177 1034 2261 licebat,
1066 2179 1129 2243 sibi
1153 2200 1280 2264 quoque

202 2292 390 2378 permittere
420 2291 591 2368 debuerat3
628 2291 688 2356 hoc
711 2289 799 2355 enim
823 2290 1034 2357 divinationis
1057 2314 1160 2378 genus
1185 2313 1278 2358 usur·

203 2429 281 2492 pare
303 2405 337 2471 in
360 2405 480 2471 fabulis
504 2426 563 2470 sua
586 2426 660 2470 cum
683 2404 814 2469 vetabat
836 2405 1061 2490 philosophia,
1086 2406 1173 2471 unde
1186 2412 1280 2471 norat

203 2541 263 2604 pro
285 2519 375 2585 inani
399 2523 583 2585 commento
605 2517 787 2584 habendam
811 2539 881 2583 esse
905 2517 996 2583 illam
1020 2521 1280 2606 dvrrpopavrrtav·
1315 2579 1318 2585 .

251 2641 277 2698 A
298 2634 523 2720 πολυμηχανίᾳ
546 2653 640 2718 porro
664 2654 729 2698 non
753 2631 935 2717 disjunctus
959 2637 1010 2698 est
1032 2629 1183 2716 frequens
1204 2630 1280 2695 deo-

207 2766 282 2808 rum
306 2745 509 2810 interventus
533 2744 572 2809 de
596 2765 659 2829 quo
670 2744 740 2830 jam
752 2743 895 2809 vidimus
908 2745 1023 2829 (supra
1033 2765 1107 2830 pag.
1123 2746 1165 2808 29
1180 2744 1278 2828 sqq).

206 2857 309 2942 Saepe
343 2858 431 2923 enim
465 2865 504 2924 ut
538 2857 613 2924 deos
648 2858 819 2923 deduceret
851 2858 886 2921 in¹
918 2879 1049 2924 scenam
1079 2863 1208 2924 coactus
1232 2864 1283 2922 est

204 2992 322 3056 parum
351 2971 493 3036 naturali
523 2971 708 3036 dramatum
740 2976 917 3055 structura,
948 2993 1012 3057 qua
1034 2971 1134 3036 fiebat
1155 2975 1194 3036 ut
1216 2990 1282 3033 non

207 3085 275 3150 nisi
296 3083 380 3150 alter
403 3083 535 3170 quidam
561 3084 786 3167 Prometheus,
812 3081 914 3160 δεινὸς
926 3086 1025 3169 εὑρεῖν
1037 3081 1097 3156 adh
1108 3083 1281 3168 ἀμηχάνων

205 3203 328 3286 πόρους
344 3199 368 3282 ⁸,
401 3197 502 3272 nodos
534 3204 601 3262 tam
630 3196 793 3263 laboriose
825 3199 988 3261 contortos
1011 3199 1123 3279 posset
1146 3193 1280 3277 solvere,

207 3310 380 3396 Euripides
403 3317 533 3393 autem,
558 3309 767 3395 quantumvis
789 3307 944 3390 callidus,
970 3307 1035 3372 nisi
1058 3307 1136 3372 deus
1150 3311 1283 3372 navaret

207 3445 355 3509 operam,
380 3424 564 3509 tragoediae
584 3423 685 3488 finem
710 3422 855 3510 invenire
878 3419 1034 3506 nequiret.

246 3661 253 3691 ¹
286 3659 382 3710 Hecub.
401 3675 435 3712 rs.
452 3661 492 3708 68.

243 3748 253 3780 ²
286 3751 362 3799 Rhea.
379 3765 416 3800 rs.
433 3749 483 3802 780
498 3763 551 3813 sqq.

243 3841 253 3871 ³
286 3840 379 3890 Aesch.
397 3840 480 3889 Prom.
499 3854 534 3888 vs.
553 3840 592 3889 59.
