<?xml version="1.0" encoding="UTF-8"?>
<!DOCTYPE html PUBLIC "-//W3C//DTD XHTML 1.0 Transitional//EN"
    "http://www.w3.org/TR/xhtml1/DTD/xhtml1-transitional.dtd">
<html xmlns="http://www.w3.org/1999/xhtml" xml:lang="en" lang="en">
 <head>
  <title>
</title>
<meta http-equiv="Content-Type" content="text/html;charset=utf-8" />
  <meta name='ocr-system' content='tesseract 3.04.00' />
  <meta name='ocr-capabilities' content='ocr_page ocr_carea ocr_par ocr_line ocrx_word'/>
</head>
<body>
  <div class='ocr_page' id='page_1' title='image "./specimenliterar02leeugoog_0095.png"; bbox 0 0 3150 5196; ppageno 0'>
   <div class='ocr_carea' id='block_1_1' title="bbox 844 368 887 430">
    <p class='ocr_par' dir='ltr' id='par_1_1' title="bbox 844 368 887 430">
     <span class='ocr_line' id='line_1_1' title="bbox 844 368 887 430; baseline 0 0"><span class='ocrx_word' id='word_1_1' title='bbox 844 368 887 430; x_wconf 90' lang='lat'>80</span> 
     </span>
    </p>
   </div>
   <div class='ocr_carea' id='block_1_2' title="bbox 326 547 1407 2561">
    <p class='ocr_par' dir='ltr' id='par_1_2' title="bbox 326 547 1407 1430">
     <span class='ocr_line' id='line_1_2' title="bbox 373 547 1407 634; baseline 0.002 -18"><span class='ocrx_word' id='word_1_2' title='bbox 373 551 448 616; x_wconf 88' lang='lat' dir='ltr'>Non</span> <span class='ocrx_word' id='word_1_3' title='bbox 477 548 586 616; x_wconf 90' lang='lat' dir='ltr'>minus</span> <span class='ocrx_word' id='word_1_4' title='bbox 618 547 805 634; x_wconf 86' lang='lat' dir='ltr'>importuna</span> <span class='ocrx_word' id='word_1_5' title='bbox 838 549 920 614; x_wconf 91' lang='lat' dir='ltr'>mihi</span> <span class='ocrx_word' id='word_1_6' title='bbox 955 549 1084 616; x_wconf 89' lang='lat' dir='ltr'>videtur</span> <span class='ocrx_word' id='word_1_7' title='bbox 1117 549 1150 614; x_wconf 91' lang='lat' dir='ltr'>in</span> <span class='ocrx_word' id='word_1_8' title='bbox 1183 550 1262 617; x_wconf 90' lang='lat' dir='ltr'>Ione</span> <span class='ocrx_word' id='word_1_9' title='bbox 1286 552 1407 620; x_wconf 85' lang='lat' dir='ltr'>fabula</span> 
     </span>
     <span class='ocr_line' id='line_1_3' title="bbox 329 661 1406 751; baseline 0.001 -21"><span class='ocrx_word' id='word_1_10' title='bbox 329 662 505 730; x_wconf 76' lang='lat' dir='ltr'>verbositas</span> <span class='ocrx_word' id='word_1_11' title='bbox 529 661 659 746; x_wconf 91' lang='lat' dir='ltr'>nuncii,</span> <span class='ocrx_word' id='word_1_12' title='bbox 684 661 841 751; x_wconf 92' lang='lat' dir='ltr'>quidum</span> <span class='ocrx_word' id='word_1_13' title='bbox 864 661 1020 728; x_wconf 75' lang='lat' dir='ltr'>Creusam</span> <span class='ocrx_word' id='word_1_14' title='bbox 1044 662 1187 748; x_wconf 88' lang='lat' dir='ltr'>quaerit,</span> <span class='ocrx_word' id='word_1_15' title='bbox 1212 686 1310 750; x_wconf 89' lang='lat' dir='ltr'>qnam</span> <span class='ocrx_word' id='word_1_16' title='bbox 1328 688 1406 732; x_wconf 91' lang='lat' dir='ltr'>mo-</span> 
     </span>
     <span class='ocr_line' id='line_1_4' title="bbox 328 773 1407 864; baseline 0 -22"><span class='ocrx_word' id='word_1_17' title='bbox 328 782 404 842; x_wconf 89' lang='lat' dir='ltr'>neat</span> <span class='ocrx_word' id='word_1_18' title='bbox 433 775 473 842; x_wconf 89' lang='lat' dir='ltr'>de</span> <span class='ocrx_word' id='word_1_19' title='bbox 500 775 644 841; x_wconf 87' lang='lat' dir='ltr'>instante</span> <span class='ocrx_word' id='word_1_20' title='bbox 669 773 756 841; x_wconf 84' lang='lat' dir='ltr'>vitae</span> <span class='ocrx_word' id='word_1_21' title='bbox 782 773 926 859; x_wconf 87' lang='lat' dir='ltr'>periculo</span> <span class='ocrx_word' id='word_1_22' title='bbox 941 775 963 859; x_wconf 85' lang='lat'>¹,</span> <span class='ocrx_word' id='word_1_23' title='bbox 988 774 1140 841; x_wconf 79' lang='lat' dir='ltr'>subsistit</span> <span class='ocrx_word' id='word_1_24' title='bbox 1161 775 1407 864; x_wconf 81' lang='lat' dir='ltr'>aliquantisper</span> 
     </span>
     <span class='ocr_line' id='line_1_5' title="bbox 327 885 1404 975; baseline 0.004 -21"><span class='ocrx_word' id='word_1_25' title='bbox 327 894 365 954; x_wconf 88' lang='lat' dir='ltr'>ut</span> <span class='ocrx_word' id='word_1_26' title='bbox 393 889 435 954; x_wconf 86' lang='lat' dir='ltr'>ad</span> <span class='ocrx_word' id='word_1_27' title='bbox 460 909 602 974; x_wconf 86' lang='lat' dir='ltr'>unguem</span> <span class='ocrx_word' id='word_1_28' title='bbox 626 885 787 954; x_wconf 76' lang='lat' dir='ltr'>describat</span> <span class='ocrx_word' id='word_1_29' title='bbox 807 888 929 973; x_wconf 87' lang='lat' dir='ltr'>figuras</span> <span class='ocrx_word' id='word_1_30' title='bbox 951 887 1102 973; x_wconf 81' lang='lat' dir='ltr'>impietas</span> <span class='ocrx_word' id='word_1_31' title='bbox 1130 889 1253 956; x_wconf 85' lang='lat' dir='ltr'>aulaeis</span> <span class='ocrx_word' id='word_1_32' title='bbox 1277 892 1404 975; x_wconf 90' lang='lat' dir='ltr'>quibus</span> 
     </span>
     <span class='ocr_line' id='line_1_6' title="bbox 328 1000 1407 1088; baseline 0.003 -21"><span class='ocrx_word' id='word_1_33' title='bbox 328 1003 389 1068; x_wconf 91' lang='lat' dir='ltr'>Ion</span> <span class='ocrx_word' id='word_1_34' title='bbox 411 1000 611 1088; x_wconf 78' lang='lat' dir='ltr'>inpetrando</span> <span class='ocrx_word' id='word_1_35' title='bbox 634 1001 782 1066; x_wconf 89' lang='lat' dir='ltr'>convivio</span> <span class='ocrx_word' id='word_1_36' title='bbox 805 1007 976 1068; x_wconf 84' lang='lat' dir='ltr'>ornaverat</span> <span class='ocrx_word' id='word_1_37' title='bbox 999 1002 1186 1068; x_wconf 88' lang='lat' dir='ltr'>tentorium.</span> <span class='ocrx_word' id='word_1_38' title='bbox 1201 1041 1246 1052; x_wconf 81' lang='lat'>—</span> <span class='ocrx_word' id='word_1_39' title='bbox 1259 1004 1294 1070; x_wconf 81' lang='lat' dir='ltr'>Si</span> <span class='ocrx_word' id='word_1_40' title='bbox 1319 1003 1407 1070; x_wconf 84' lang='lat' dir='ltr'>talia</span> 
     </span>
     <span class='ocr_line' id='line_1_7' title="bbox 326 1113 1406 1204; baseline 0.005 -26"><span class='ocrx_word' id='word_1_41' title='bbox 326 1114 565 1200; x_wconf 83' lang='lat' dir='ltr'>vituperatione</span> <span class='ocrx_word' id='word_1_42' title='bbox 605 1119 735 1181; x_wconf 87' lang='lat' dir='ltr'>exemta</span> <span class='ocrx_word' id='word_1_43' title='bbox 771 1123 863 1197; x_wconf 89' lang='lat' dir='ltr'>sunt,</span> <span class='ocrx_word' id='word_1_44' title='bbox 907 1113 1057 1200; x_wconf 90' lang='lat' dir='ltr'>equidem</span> <span class='ocrx_word' id='word_1_45' title='bbox 1092 1116 1144 1182; x_wconf 88' lang='lat' dir='ltr'>vel</span> <span class='ocrx_word' id='word_1_46' title='bbox 1177 1116 1259 1183; x_wconf 86' lang='lat' dir='ltr'>furis</span> <span class='ocrx_word' id='word_1_47' title='bbox 1293 1118 1406 1204; x_wconf 87' lang='lat' dir='ltr'>capite</span> 
     </span>
     <span class='ocr_line' id='line_1_8' title="bbox 327 1225 1404 1315; baseline 0.002 -21"><span class='ocrx_word' id='word_1_48' title='bbox 327 1226 490 1311; x_wconf 84' lang='lat' dir='ltr'>damnati,</span> <span class='ocrx_word' id='word_1_49' title='bbox 511 1226 626 1312; x_wconf 85' lang='lat' dir='ltr'>laqueo</span> <span class='ocrx_word' id='word_1_50' title='bbox 644 1225 715 1312; x_wconf 91' lang='lat' dir='ltr'>jam</span> <span class='ocrx_word' id='word_1_51' title='bbox 738 1226 846 1293; x_wconf 85' lang='lat' dir='ltr'>fauces</span> <span class='ocrx_word' id='word_1_52' title='bbox 869 1233 1055 1312; x_wconf 77' lang='lat' dir='ltr'>premente,</span> <span class='ocrx_word' id='word_1_53' title='bbox 1075 1228 1177 1294; x_wconf 87' lang='lat' dir='ltr'>feram</span> <span class='ocrx_word' id='word_1_54' title='bbox 1192 1229 1272 1315; x_wconf 92' lang='lat' dir='ltr'>quin</span> <span class='ocrx_word' id='word_1_55' title='bbox 1289 1237 1325 1297; x_wconf 90' lang='lat' dir='ltr'>et</span> <span class='ocrx_word' id='word_1_56' title='bbox 1342 1232 1404 1296; x_wconf 88' lang='lat' dir='ltr'>ad-</span> 
     </span>
     <span class='ocr_line' id='line_1_9' title="bbox 326 1339 1401 1430; baseline 0.004 -24"><span class='ocrx_word' id='word_1_57' title='bbox 326 1340 467 1407; x_wconf 86' lang='lat' dir='ltr'>mirabor</span> <span class='ocrx_word' id='word_1_58' title='bbox 496 1340 674 1406; x_wconf 88' lang='lat' dir='ltr'>orationem</span> <span class='ocrx_word' id='word_1_59' title='bbox 705 1339 905 1425; x_wconf 85' lang='lat' dir='ltr'>tripartitam</span> <span class='ocrx_word' id='word_1_60' title='bbox 937 1362 1012 1406; x_wconf 91' lang='lat' dir='ltr'>eum</span> <span class='ocrx_word' id='word_1_61' title='bbox 1038 1341 1174 1428; x_wconf 85' lang='lat' dir='ltr'>prologo</span> <span class='ocrx_word' id='word_1_62' title='bbox 1197 1344 1401 1430; x_wconf 79' lang='lat' dir='ltr'>etepilogo.</span> 
     </span>
    </p>

    <p class='ocr_par' dir='ltr' id='par_1_3' title="bbox 327 1451 1406 2561">
     <span class='ocr_line' id='line_1_10' title="bbox 372 1451 1405 1540; baseline 0.005 -22"><span class='ocrx_word' id='word_1_63' title='bbox 372 1453 426 1519; x_wconf 87' lang='lat' dir='ltr'>Ad</span> <span class='ocrx_word' id='word_1_64' title='bbox 455 1453 547 1518; x_wconf 90' lang='lat' dir='ltr'>illam</span> <span class='ocrx_word' id='word_1_65' title='bbox 578 1458 681 1518; x_wconf 88' lang='lat' dir='ltr'>artem</span> <span class='ocrx_word' id='word_1_66' title='bbox 708 1451 885 1538; x_wconf 89' lang='lat' dir='ltr'>sophistice</span> <span class='ocrx_word' id='word_1_67' title='bbox 907 1454 1081 1520; x_wconf 89' lang='lat' dir='ltr'>oratoriam</span> <span class='ocrx_word' id='word_1_68' title='bbox 1101 1454 1268 1540; x_wconf 87' lang='lat' dir='ltr'>pertinent</span> <span class='ocrx_word' id='word_1_69' title='bbox 1298 1459 1405 1522; x_wconf 87' lang='lat' dir='ltr'>etiam</span> 
     </span>
     <span class='ocr_line' id='line_1_11' title="bbox 327 1565 1405 1654; baseline 0.003 -21"><span class='ocrx_word' id='word_1_70' title='bbox 327 1565 475 1654; x_wconf 82' lang='lat' dir='ltr'>argutiae</span> <span class='ocrx_word' id='word_1_71' title='bbox 506 1565 755 1652; x_wconf 78' lang='lat' dir='ltr'>grammaticae,</span> <span class='ocrx_word' id='word_1_72' title='bbox 787 1588 868 1653; x_wconf 88' lang='lat' dir='ltr'>quas</span> <span class='ocrx_word' id='word_1_73' title='bbox 898 1566 1020 1652; x_wconf 89' lang='lat' dir='ltr'>pariter</span> <span class='ocrx_word' id='word_1_74' title='bbox 1051 1567 1183 1634; x_wconf 86' lang='lat' dir='ltr'>adamat</span> <span class='ocrx_word' id='word_1_75' title='bbox 1206 1569 1405 1654; x_wconf 82' lang='lat' dir='ltr'>Euripides,</span> 
     </span>
     <span class='ocr_line' id='line_1_12' title="bbox 327 1675 1405 1768; baseline 0.004 -22"><span class='ocrx_word' id='word_1_76' title='bbox 327 1685 361 1746; x_wconf 91' lang='lat' dir='ltr'>et</span> <span class='ocrx_word' id='word_1_77' title='bbox 383 1702 463 1768; x_wconf 87' lang='lat' dir='ltr'>quas</span> <span class='ocrx_word' id='word_1_78' title='bbox 485 1681 588 1747; x_wconf 89' lang='lat' dir='ltr'>risum</span> <span class='ocrx_word' id='word_1_79' title='bbox 608 1675 796 1767; x_wconf 85' lang='lat' dir='ltr'>praebuisse</span> <span class='ocrx_word' id='word_1_80' title='bbox 819 1680 1032 1767; x_wconf 85' lang='lat' dir='ltr'>Aristophani</span> <span class='ocrx_word' id='word_1_81' title='bbox 1055 1704 1153 1768; x_wconf 86' lang='lat' dir='ltr'>supra</span> <span class='ocrx_word' id='word_1_82' title='bbox 1164 1682 1234 1768; x_wconf 88' lang='lat' dir='ltr'>jam</span> <span class='ocrx_word' id='word_1_83' title='bbox 1250 1684 1405 1751; x_wconf 88' lang='lat' dir='ltr'>animad-</span> 
     </span>
     <span class='ocr_line' id='line_1_13' title="bbox 327 1794 1406 1882; baseline 0.004 -22"><span class='ocrx_word' id='word_1_84' title='bbox 327 1794 483 1861; x_wconf 85' lang='lat' dir='ltr'>vertimus</span> <span class='ocrx_word' id='word_1_85' title='bbox 503 1795 591 1880; x_wconf 85' lang='lat' dir='ltr'>(pag.</span> <span class='ocrx_word' id='word_1_86' title='bbox 619 1797 670 1870; x_wconf 60' lang='lat'>74,</span> <span class='ocrx_word' id='word_1_87' title='bbox 684 1795 758 1860; x_wconf 90' lang='lat' dir='ltr'>adn.</span> <span class='ocrx_word' id='word_1_88' title='bbox 783 1796 834 1878; x_wconf 88' lang='grc'>4),</span> <span class='ocrx_word' id='word_1_89' title='bbox 858 1816 959 1880; x_wconf 91' lang='lat' dir='ltr'>quum</span> <span class='ocrx_word' id='word_1_90' title='bbox 983 1794 1117 1861; x_wconf 86' lang='lat' dir='ltr'>inducat</span> <span class='ocrx_word' id='word_1_91' title='bbox 1139 1817 1215 1861; x_wconf 89' lang='lat' dir='ltr'>cnm</span> <span class='ocrx_word' id='word_1_92' title='bbox 1238 1797 1278 1862; x_wconf 90' lang='lat' dir='ltr'>de</span> <span class='ocrx_word' id='word_1_93' title='bbox 1300 1819 1406 1882; x_wconf 85' lang='lat' dir='ltr'>syno-</span> 
     </span>
     <span class='ocr_line' id='line_1_14' title="bbox 327 1904 1404 1997; baseline 0.005 -24"><span class='ocrx_word' id='word_1_94' title='bbox 327 1907 436 1992; x_wconf 90' lang='lat' dir='ltr'>nymis</span> <span class='ocrx_word' id='word_1_95' title='bbox 468 1904 577 1974; x_wconf 86' lang='lat' dir='ltr'>vorbis</span> <span class='ocrx_word' id='word_1_96' title='bbox 602 1907 666 1984; x_wconf 83' lang='grc' dir='ltr'>ήκω</span> <span class='ocrx_word' id='word_1_97' title='bbox 689 1914 723 1974; x_wconf 87' lang='grc'>11</span> <span class='ocrx_word' id='word_1_98' title='bbox 745 1911 933 1996; x_wconf 79' lang='grc' dir='ltr'>κατέρχομαι</span> <span class='ocrx_word' id='word_1_99' title='bbox 955 1909 1110 1975; x_wconf 92' lang='lat' dir='ltr'>subtilius</span> <span class='ocrx_word' id='word_1_100' title='bbox 1133 1931 1208 1974; x_wconf 91' lang='lat' dir='ltr'>eum</span> <span class='ocrx_word' id='word_1_101' title='bbox 1232 1909 1404 1997; x_wconf 84' lang='lat' dir='ltr'>Aeschylo</span> 
     </span>
     <span class='ocr_line' id='line_1_15' title="bbox 328 2021 1404 2109; baseline 0.003 -22"><span class='ocrx_word' id='word_1_102' title='bbox 328 2021 559 2107; x_wconf 81' lang='lat' dir='ltr'>disputantem.</span> <span class='ocrx_word' id='word_1_103' title='bbox 584 2059 628 2070; x_wconf 92' lang='lat'><em>-</em></span> <span class='ocrx_word' id='word_1_104' title='bbox 652 2021 794 2088; x_wconf 80' lang='lat' dir='ltr'>Fabulae</span> <span class='ocrx_word' id='word_1_105' title='bbox 825 2022 1018 2109; x_wconf 85' lang='lat' dir='ltr'>Euripideas</span> <span class='ocrx_word' id='word_1_106' title='bbox 1043 2022 1072 2089; x_wconf 92' lang='lat' dir='ltr'>si</span> <span class='ocrx_word' id='word_1_107' title='bbox 1094 2023 1255 2109; x_wconf 83' lang='lat' dir='ltr'>perlegis,</span> <span class='ocrx_word' id='word_1_108' title='bbox 1279 2024 1404 2090; x_wconf 88' lang='lat' dir='ltr'>identi-</span> 
     </span>
     <span class='ocr_line' id='line_1_16' title="bbox 332 2134 1405 2203; baseline 0.002 -2"><span class='ocrx_word' id='word_1_109' title='bbox 332 2135 407 2202; x_wconf 90' lang='lat' dir='ltr'>dem</span> <span class='ocrx_word' id='word_1_110' title='bbox 434 2134 552 2200; x_wconf 84' lang='lat' dir='ltr'>ineidis</span> <span class='ocrx_word' id='word_1_111' title='bbox 584 2134 619 2198; x_wconf 92' lang='lat' dir='ltr'>in</span> <span class='ocrx_word' id='word_1_112' title='bbox 647 2135 817 2200; x_wconf 85' lang='lat' dir='ltr'>verborum</span> <span class='ocrx_word' id='word_1_113' title='bbox 849 2135 1065 2201; x_wconf 87' lang='lat' dir='ltr'>derivationes</span> <span class='ocrx_word' id='word_1_114' title='bbox 1089 2141 1158 2201; x_wconf 85' lang='lat' dir='ltr'>tem</span> <span class='ocrx_word' id='word_1_115' title='bbox 1180 2136 1338 2203; x_wconf 85' lang='lat' dir='ltr'>absurdas</span> <span class='ocrx_word' id='word_1_116' title='bbox 1365 2145 1405 2203; x_wconf 89' lang='lat' dir='ltr'>ut</span> 
     </span>
     <span class='ocr_line' id='line_1_17' title="bbox 329 2246 1403 2334; baseline 0 -19"><span class='ocrx_word' id='word_1_117' title='bbox 329 2271 404 2315; x_wconf 92' lang='lat' dir='ltr'>cum</span> <span class='ocrx_word' id='word_1_118' title='bbox 433 2246 575 2333; x_wconf 89' lang='lat' dir='ltr'>cujusvis</span> <span class='ocrx_word' id='word_1_119' title='bbox 604 2246 730 2313; x_wconf 83' lang='lat' dir='ltr'>classici</span> <span class='ocrx_word' id='word_1_120' title='bbox 759 2248 924 2333; x_wconf 89' lang='lat' dir='ltr'>scriptoris</span> <span class='ocrx_word' id='word_1_121' title='bbox 955 2249 1148 2314; x_wconf 76' lang='lat' dir='ltr'>mmmentis</span> <span class='ocrx_word' id='word_1_122' title='bbox 1172 2249 1403 2334; x_wconf 88' lang='lat' dir='ltr'>etymologicis</span> 
     </span>
     <span class='ocr_line' id='line_1_18' title="bbox 332 2360 1403 2447; baseline -0.001 -19"><span class='ocrx_word' id='word_1_123' title='bbox 332 2367 454 2428; x_wconf 86' lang='lat' dir='ltr'>certare</span> <span class='ocrx_word' id='word_1_124' title='bbox 485 2361 621 2447; x_wconf 84' lang='lat' dir='ltr'>possint</span> <span class='ocrx_word' id='word_1_125' title='bbox 670 2360 811 2426; x_wconf 91' lang='lat' dir='ltr'>Doctum</span> <span class='ocrx_word' id='word_1_126' title='bbox 841 2360 925 2427; x_wconf 92' lang='lat' dir='ltr'>illud</span> <span class='ocrx_word' id='word_1_127' title='bbox 956 2362 1095 2428; x_wconf 80' lang='lat' dir='ltr'>Tiresiae</span> <span class='ocrx_word' id='word_1_128' title='bbox 1126 2362 1403 2445; x_wconf 89' lang='lat' dir='ltr'>deliramentum,</span> 
     </span>
     <span class='ocr_line' id='line_1_19' title="bbox 333 2474 1402 2561; baseline 0 -20"><span class='ocrx_word' id='word_1_129' title='bbox 333 2475 390 2541; x_wconf 93' lang='lat' dir='ltr'>ubi</span> <span class='ocrx_word' id='word_1_130' title='bbox 413 2475 453 2540; x_wconf 93' lang='lat' dir='ltr'>de</span> <span class='ocrx_word' id='word_1_131' title='bbox 475 2495 591 2540; x_wconf 90' lang='lat' dir='ltr'>vocum</span> <span class='ocrx_word' id='word_1_132' title='bbox 608 2476 713 2560; x_wconf 82' lang='grc' dir='ltr'>,μηρὸς</span> <span class='ocrx_word' id='word_1_133' title='bbox 735 2480 769 2540; x_wconf 87' lang='grc'>11</span> <span class='ocrx_word' id='word_1_134' title='bbox 792 2477 913 2561; x_wconf 83' lang='grc' dir='ltr'>ὅμηρος</span> <span class='ocrx_word' id='word_1_135' title='bbox 937 2474 1036 2539; x_wconf 86' lang='lat' dir='ltr'>inani</span> <span class='ocrx_word' id='word_1_136' title='bbox 1052 2475 1267 2541; x_wconf 90' lang='lat' dir='ltr'>similitudine</span> <span class='ocrx_word' id='word_1_137' title='bbox 1290 2475 1402 2560; x_wconf 91' lang='lat' dir='ltr'>philo-</span> 
     </span>
    </p>
   </div>
   <div class='ocr_carea' id='block_1_3' title="bbox 331 2573 1405 2672">
    <p class='ocr_par' dir='ltr' id='par_1_4' title="bbox 331 2573 1405 2672">
     <span class='ocr_line' id='line_1_20' title="bbox 331 2573 1405 2672; baseline 0.002 -20"><span class='ocrx_word' id='word_1_138' title='bbox 331 2585 505 2672; x_wconf 89' lang='lat' dir='ltr'>sophatur,</span> <span class='ocrx_word' id='word_1_139' title='bbox 525 2586 595 2671; x_wconf 91' lang='lat' dir='ltr'>jam</span> <span class='ocrx_word' id='word_1_140' title='bbox 618 2585 759 2651; x_wconf 89' lang='lat' dir='ltr'>vidimus</span> <span class='ocrx_word' id='word_1_141' title='bbox 775 2585 797 2651; x_wconf 72' lang='lat'>³.</span> <span class='ocrx_word' id='word_1_142' title='bbox 833 2585 960 2652; x_wconf 87' lang='lat' dir='ltr'>Nomen</span> <span class='ocrx_word' id='word_1_143' title='bbox 977 2585 1130 2672; x_wconf 86' lang='lat' dir='ltr'>antiquae</span> <span class='ocrx_word' id='word_1_144' title='bbox 1145 2586 1249 2653; x_wconf 88' lang='lat' dir='ltr'>tribus</span> <span class='ocrx_word' id='word_1_145' title='bbox 1265 2573 1405 2653; x_wconf 71' lang='lat' dir='ltr'>donicae</span> 
     </span>
    </p>
   </div>
   <div class='ocr_carea' id='block_1_4' title="bbox 328 2796 1408 4476">
    <p class='ocr_par' dir='ltr' id='par_1_5' title="bbox 328 2796 1404 2952">
     <span class='ocr_line' id='line_1_21' title="bbox 330 2796 1404 2862; baseline 0.001 -14"><span class='ocrx_word' id='word_1_146' title='bbox 330 2798 407 2848; x_wconf 83' lang='lat' dir='ltr'>armis</span> <span class='ocrx_word' id='word_1_147' title='bbox 431 2805 457 2848; x_wconf 95' lang='grc'>11</span> <span class='ocrx_word' id='word_1_148' title='bbox 471 2798 550 2862; x_wconf 84' lang='lat' dir='ltr'>signis</span> <span class='ocrx_word' id='word_1_149' title='bbox 565 2797 732 2859; x_wconf 76' lang='lat' dir='ltr'>nunciaretur,</span> <span class='ocrx_word' id='word_1_150' title='bbox 749 2796 851 2862; x_wconf 86' lang='lat' dir='ltr'>ideoque</span> <span class='ocrx_word' id='word_1_151' title='bbox 867 2804 922 2862; x_wconf 88' lang='lat' dir='ltr'>post</span> <span class='ocrx_word' id='word_1_152' title='bbox 938 2812 1048 2862; x_wconf 85' lang='lat' dir='ltr'>pugnam</span> <span class='ocrx_word' id='word_1_153' title='bbox 1065 2800 1166 2848; x_wconf 86' lang='lat' dir='ltr'>demum</span> <span class='ocrx_word' id='word_1_154' title='bbox 1182 2805 1307 2861; x_wconf 76' lang='lat' dir='ltr'>peractam</span> <span class='ocrx_word' id='word_1_155' title='bbox 1326 2812 1404 2848; x_wconf 85' lang='lat' dir='ltr'>suum</span> 
     </span>
     <span class='ocr_line' id='line_1_22' title="bbox 328 2887 934 2952; baseline -0.003 -14"><span class='ocrx_word' id='word_1_156' title='bbox 328 2888 446 2938; x_wconf 89' lang='lat' dir='ltr'>nuncium</span> <span class='ocrx_word' id='word_1_157' title='bbox 460 2887 620 2952; x_wconf 84' lang='lat' dir='ltr'>produxisse,</span> <span class='ocrx_word' id='word_1_158' title='bbox 636 2890 666 2938; x_wconf 86' lang='lat' dir='ltr'>de</span> <span class='ocrx_word' id='word_1_159' title='bbox 684 2887 771 2936; x_wconf 87' lang='lat' dir='ltr'>iisdem</span> <span class='ocrx_word' id='word_1_160' title='bbox 789 2887 934 2936; x_wconf 85' lang='lat' dir='ltr'>relatmum.</span> 
     </span>
    </p>

    <p class='ocr_par' dir='ltr' id='par_1_6' title="bbox 331 2974 1407 3222">
     <span class='ocr_line' id='line_1_23' title="bbox 362 2974 1406 3041; baseline -0.003 -14"><span class='ocrx_word' id='word_1_161' title='bbox 362 2978 390 3029; x_wconf 86' lang='lat' dir='ltr'>Si</span> <span class='ocrx_word' id='word_1_162' title='bbox 414 2984 495 3037; x_wconf 88' lang='lat' dir='ltr'>reeta,</span> <span class='ocrx_word' id='word_1_163' title='bbox 509 3003 541 3013; x_wconf 93' lang='lat'><strong>—</strong></span> <span class='ocrx_word' id='word_1_164' title='bbox 556 2976 624 3041; x_wconf 91' lang='lat' dir='ltr'>quod</span> <span class='ocrx_word' id='word_1_165' title='bbox 647 2975 710 3025; x_wconf 87' lang='lat' dir='ltr'>mihi</span> <span class='ocrx_word' id='word_1_166' title='bbox 732 2983 815 3025; x_wconf 83' lang='grc'><strong>11111111</strong></span> <span class='ocrx_word' id='word_1_167' title='bbox 832 2990 882 3025; x_wconf 90' lang='lat' dir='ltr'>non</span> <span class='ocrx_word' id='word_1_168' title='bbox 898 2982 1041 3025; x_wconf 81' lang='grc'><strong>11111111-</strong></span> <span class='ocrx_word' id='word_1_169' title='bbox 1058 2974 1105 3024; x_wconf 91' lang='lat' dir='ltr'>hoe</span> <span class='ocrx_word' id='word_1_170' title='bbox 1121 2974 1237 3040; x_wconf 78' lang='lat' dir='ltr'>opinatus</span> <span class='ocrx_word' id='word_1_171' title='bbox 1254 2982 1292 3025; x_wconf 84' lang='lat' dir='ltr'>ost</span> <span class='ocrx_word' id='word_1_172' title='bbox 1310 2975 1406 3025; x_wconf 83' lang='lat' dir='ltr'>Mullo-</span> 
     </span>
     <span class='ocr_line' id='line_1_24' title="bbox 331 3065 1407 3133; baseline -0.004 -15"><span class='ocrx_word' id='word_1_173' title='bbox 331 3084 387 3129; x_wconf 86' lang='grc'><strong>111,</strong></span> <span class='ocrx_word' id='word_1_174' title='bbox 410 3072 532 3133; x_wconf 82' lang='lat' dir='ltr'>quantum</span> <span class='ocrx_word' id='word_1_175' title='bbox 557 3068 667 3117; x_wconf 86' lang='lat' dir='ltr'>dicemus</span> <span class='ocrx_word' id='word_1_176' title='bbox 690 3081 705 3116; x_wconf 89' lang='lat' dir='ltr'>a</span> <span class='ocrx_word' id='word_1_177' title='bbox 728 3079 790 3115; x_wconf 82' lang='lat' dir='ltr'>vero</span> <span class='ocrx_word' id='word_1_178' title='bbox 813 3066 942 3116; x_wconf 83' lang='lat' dir='ltr'>aberrasse</span> <span class='ocrx_word' id='word_1_179' title='bbox 968 3065 1129 3128; x_wconf 82' lang='lat' dir='ltr'>Euripidem,</span> <span class='ocrx_word' id='word_1_180' title='bbox 1156 3071 1284 3129; x_wconf 81' lang='lat' dir='ltr'>putantem</span> <span class='ocrx_word' id='word_1_181' title='bbox 1308 3065 1407 3115; x_wconf 85' lang='lat' dir='ltr'>scilieet</span> 
     </span>
     <span class='ocr_line' id='line_1_25' title="bbox 335 3152 1186 3222; baseline -0.005 -15"><span class='ocrx_word' id='word_1_182' title='bbox 335 3157 512 3222; x_wconf 85' lang='lat' dir='ltr'>opportuniore</span> <span class='ocrx_word' id='word_1_183' title='bbox 526 3156 582 3206; x_wconf 89' lang='lat' dir='ltr'>loco</span> <span class='ocrx_word' id='word_1_184' title='bbox 598 3169 657 3206; x_wconf 86' lang='grc'>111</span> <span class='ocrx_word' id='word_1_185' title='bbox 673 3155 793 3204; x_wconf 84' lang='lat' dir='ltr'>inscrtum</span> <span class='ocrx_word' id='word_1_186' title='bbox 809 3168 864 3204; x_wconf 86' lang='lat' dir='ltr'>osse</span> <span class='ocrx_word' id='word_1_187' title='bbox 882 3153 953 3204; x_wconf 87' lang='lat' dir='ltr'>illurn</span> <span class='ocrx_word' id='word_1_188' title='bbox 970 3152 1079 3219; x_wconf 78' lang='grc' dir='ltr'>α’γγέλοο</span> <span class='ocrx_word' id='word_1_189' title='bbox 1095 3153 1186 3218; x_wconf 70' lang='lat' dir='ltr'>loyca!</span> 
     </span>
    </p>

    <p class='ocr_par' dir='ltr' id='par_1_7' title="bbox 364 3249 665 3321">
     <span class='ocr_line' id='line_1_26' title="bbox 364 3249 665 3321; baseline -0.013 -22"><span class='ocrx_word' id='word_1_190' title='bbox 364 3249 371 3280; x_wconf 91' lang='lat'>¹</span> <span class='ocrx_word' id='word_1_191' title='bbox 406 3249 460 3299; x_wconf 87' lang='lat' dir='ltr'>Ion.</span> <span class='ocrx_word' id='word_1_192' title='bbox 477 3262 514 3297; x_wconf 89' lang='lat' dir='ltr'>vs.</span> <span class='ocrx_word' id='word_1_193' title='bbox 534 3249 597 3298; x_wconf 87' lang='grc'><strong>1106</strong></span> <span class='ocrx_word' id='word_1_194' title='bbox 612 3262 665 3321; x_wconf 83' lang='lat' dir='ltr'>sqq.</span> 
     </span>
    </p>

    <p class='ocr_par' dir='ltr' id='par_1_8' title="bbox 366 3332 1408 3403">
     <span class='ocr_line' id='line_1_27' title="bbox 366 3332 1408 3403; baseline -0.011 -13"><span class='ocrx_word' id='word_1_195' title='bbox 366 3337 377 3368; x_wconf 75' lang='lat'>²</span> <span class='ocrx_word' id='word_1_196' title='bbox 409 3337 481 3390; x_wconf 79' lang='lat' dir='ltr'>conf.</span> <span class='ocrx_word' id='word_1_197' title='bbox 500 3352 574 3403; x_wconf 86' lang='lat' dir='ltr'>snpra</span> <span class='ocrx_word' id='word_1_198' title='bbox 590 3352 647 3402; x_wconf 80' lang='lat' dir='ltr'>pag.</span> <span class='ocrx_word' id='word_1_199' title='bbox 663 3337 694 3386; x_wconf 81' lang='lat'>21</span> <span class='ocrx_word' id='word_1_200' title='bbox 713 3337 769 3385; x_wconf 90' lang='lat' dir='ltr'>adn.</span> <span class='ocrx_word' id='word_1_201' title='bbox 786 3336 810 3384; x_wconf 88' lang='lat'>6.</span> <span class='ocrx_word' id='word_1_202' title='bbox 827 3361 859 3370; x_wconf 97' lang='lat'><em>-</em></span> <span class='ocrx_word' id='word_1_203' title='bbox 874 3333 959 3384; x_wconf 87' lang='lat' dir='ltr'>Locus</span> <span class='ocrx_word' id='word_1_204' title='bbox 974 3333 1015 3382; x_wconf 88' lang='lat' dir='ltr'>hic</span> <span class='ocrx_word' id='word_1_205' title='bbox 1032 3340 1083 3393; x_wconf 87' lang='grc'><strong>111,</strong></span> <span class='ocrx_word' id='word_1_206' title='bbox 1098 3332 1189 3383; x_wconf 83' lang='lat' dir='ltr'>Bacch.</span> <span class='ocrx_word' id='word_1_207' title='bbox 1207 3347 1242 3386; x_wconf 87' lang='grc'>11,</span> <span class='ocrx_word' id='word_1_208' title='bbox 1259 3332 1408 3384; x_wconf 75' lang='lat' dir='ltr'>ast-297:</span> 
     </span>
    </p>

    <p class='ocr_par' dir='ltr' id='par_1_9' title="bbox 551 3423 1220 4476">
     <span class='ocr_line' id='line_1_28' title="bbox 553 3423 1087 3490; baseline -0.009 -13"><span class='ocrx_word' id='word_1_209' title='bbox 553 3429 593 3479; x_wconf 79' lang='grc' dir='ltr'>καὶ</span> <span class='ocrx_word' id='word_1_210' title='bbox 610 3427 755 3490; x_wconf 75' lang='grc' dir='ltr'>καταγελᾷς</span> <span class='ocrx_word' id='word_1_211' title='bbox 771 3443 822 3488; x_wconf 82' lang='grc' dir='ltr'>νιν,</span> <span class='ocrx_word' id='word_1_212' title='bbox 840 3425 874 3483; x_wconf 87' lang='grc' dir='ltr'>ὡς</span> <span class='ocrx_word' id='word_1_213' title='bbox 891 3423 1011 3490; x_wconf 81' lang='grc' dir='ltr'>ἐνερράφη</span> <span class='ocrx_word' id='word_1_214' title='bbox 1028 3425 1087 3482; x_wconf 85' lang='grc' dir='ltr'>Διὸς</span> 
     </span>
     <span class='ocr_line' id='line_1_29' title="bbox 554 3511 1082 3583; baseline -0.009 -16"><span class='ocrx_word' id='word_1_215' title='bbox 554 3518 634 3583; x_wconf 79' lang='grc' dir='ltr'>μηρῷ·</span> <span class='ocrx_word' id='word_1_216' title='bbox 653 3514 742 3572; x_wconf 79' lang='grc' dir='ltr'>διδάξω</span> <span class='ocrx_word' id='word_1_217' title='bbox 760 3513 782 3563; x_wconf 88' lang='grc' dir='ltr'>α’</span> <span class='ocrx_word' id='word_1_218' title='bbox 801 3514 835 3572; x_wconf 85' lang='grc' dir='ltr'>ὡς</span> <span class='ocrx_word' id='word_1_219' title='bbox 852 3514 936 3572; x_wconf 77' lang='grc' dir='ltr'>καλῶς</span> <span class='ocrx_word' id='word_1_220' title='bbox 952 3513 1002 3577; x_wconf 79' lang='grc' dir='ltr'>ἔχει</span> <span class='ocrx_word' id='word_1_221' title='bbox 1018 3511 1082 3562; x_wconf 78' lang='grc' dir='ltr'>τόδε.</span> 
     </span>
     <span class='ocr_line' id='line_1_30' title="bbox 557 3601 1068 3670; baseline -0.014 -14"><span class='ocrx_word' id='word_1_222' title='bbox 557 3607 611 3656; x_wconf 73' lang='grc' dir='ltr'>ἐπεί</span> <span class='ocrx_word' id='word_1_223' title='bbox 627 3623 669 3656; x_wconf 85' lang='grc' dir='ltr'>νιν</span> <span class='ocrx_word' id='word_1_224' title='bbox 687 3603 779 3670; x_wconf 85' lang='grc' dir='ltr'>ήρπασ’</span> <span class='ocrx_word' id='word_1_225' title='bbox 797 3603 823 3652; x_wconf 86' lang='grc' dir='ltr'>έκ</span> <span class='ocrx_word' id='word_1_226' title='bbox 841 3603 921 3667; x_wconf 85' lang='grc' dir='ltr'>πυρὸς</span> <span class='ocrx_word' id='word_1_227' title='bbox 938 3601 1068 3667; x_wconf 75' lang='grc' dir='ltr'>κεραυνίου</span> 
     </span>
     <span class='ocr_line' id='line_1_31' title="bbox 556 3687 1220 3758; baseline -0.009 -14"><span class='ocrx_word' id='word_1_228' title='bbox 556 3695 631 3758; x_wconf 76' lang='grc' dir='ltr'>Ζεύς,</span> <span class='ocrx_word' id='word_1_229' title='bbox 649 3693 684 3752; x_wconf 79' lang='grc' dir='ltr'>εἰς</span> <span class='ocrx_word' id='word_1_230' title='bbox 701 3691 722 3742; x_wconf 80' lang='grc' dir='ltr'>δ’</span> <span class='ocrx_word' id='word_1_231' title='bbox 735 3691 875 3756; x_wconf 84' lang='grc' dir='ltr'>Ὄλυμπον</span> <span class='ocrx_word' id='word_1_232' title='bbox 890 3688 984 3755; x_wconf 78' lang='grc' dir='ltr'>βρέφος</span> <span class='ocrx_word' id='word_1_233' title='bbox 1001 3687 1134 3754; x_wconf 81' lang='grc' dir='ltr'>όνήγαγεν</span> <span class='ocrx_word' id='word_1_234' title='bbox 1151 3687 1220 3750; x_wconf 88' lang='grc' dir='ltr'>νέον,</span> 
     </span>
     <span class='ocr_line' id='line_1_32' title="bbox 551 3776 1098 3850; baseline -0.016 -15"><span class='ocrx_word' id='word_1_235' title='bbox 551 3785 621 3850; x_wconf 85' lang='grc' dir='ltr'>’Ἡρα</span> <span class='ocrx_word' id='word_1_236' title='bbox 636 3803 679 3834; x_wconf 86' lang='grc' dir='ltr'>νιν</span> <span class='ocrx_word' id='word_1_237' title='bbox 694 3782 763 3843; x_wconf 80' lang='grc' dir='ltr'>ἤθελ’</span> <span class='ocrx_word' id='word_1_238' title='bbox 780 3781 898 3844; x_wconf 75' lang='grc' dir='ltr'>ἐκβαλεῖν</span> <span class='ocrx_word' id='word_1_239' title='bbox 915 3776 962 3830; x_wconf 72' lang='grc' dir='ltr'>ἀπ’</span> <span class='ocrx_word' id='word_1_240' title='bbox 979 3779 1098 3845; x_wconf 76' lang='grc' dir='ltr'>οὐρανοῦ,</span> 
     </span>
     <span class='ocr_line' id='line_1_33' title="bbox 556 3867 1084 3936; baseline -0.011 -13"><span class='ocrx_word' id='word_1_241' title='bbox 556 3876 616 3933; x_wconf 80' lang='grc' dir='ltr'>Ζειλς</span> <span class='ocrx_word' id='word_1_242' title='bbox 633 3872 654 3924; x_wconf 80' lang='grc' dir='ltr'>δ’</span> <span class='ocrx_word' id='word_1_243' title='bbox 672 3870 894 3936; x_wconf 79' lang='grc' dir='ltr'>ἀντεμηχανήσαθ’</span> <span class='ocrx_word' id='word_1_244' title='bbox 911 3870 954 3920; x_wconf 86' lang='grc' dir='ltr'>οἷα</span> <span class='ocrx_word' id='word_1_245' title='bbox 971 3869 1002 3928; x_wconf 85' lang='grc' dir='ltr'>δή</span> <span class='ocrx_word' id='word_1_246' title='bbox 1019 3867 1084 3926; x_wconf 88' lang='grc' dir='ltr'>θεός.</span> 
     </span>
     <span class='ocr_line' id='line_1_34' title="bbox 554 3956 1127 4030; baseline -0.012 -16"><span class='ocrx_word' id='word_1_247' title='bbox 554 3963 633 4029; x_wconf 78' lang='grc' dir='ltr'>ῥήξας</span> <span class='ocrx_word' id='word_1_248' title='bbox 649 3963 723 4030; x_wconf 85' lang='grc' dir='ltr'>μέρος</span> <span class='ocrx_word' id='word_1_249' title='bbox 739 3982 764 4012; x_wconf 83' lang='grc' dir='ltr'>τι</span> <span class='ocrx_word' id='word_1_250' title='bbox 781 3965 827 4012; x_wconf 82' lang='grc' dir='ltr'>τοῦ</span> <span class='ocrx_word' id='word_1_251' title='bbox 844 3961 915 4026; x_wconf 86' lang='grc' dir='ltr'>χθόν’</span> <span class='ocrx_word' id='word_1_252' title='bbox 931 3956 1127 4026; x_wconf 74' lang='grc' dir='ltr'>ἐγκυκλουμένου</span> 
     </span>
     <span class='ocr_line' id='line_1_35' title="bbox 557 4048 1077 4120; baseline -0.013 -15"><span class='ocrx_word' id='word_1_253' title='bbox 557 4053 669 4120; x_wconf 83' lang='grc' dir='ltr'>όιθέρος,</span> <span class='ocrx_word' id='word_1_254' title='bbox 685 4053 755 4114; x_wconf 77' lang='grc' dir='ltr'>ἔθηκε</span> <span class='ocrx_word' id='word_1_255' title='bbox 772 4050 840 4102; x_wconf 81' lang='grc' dir='ltr'>τόνδ’</span> <span class='ocrx_word' id='word_1_256' title='bbox 857 4050 952 4116; x_wconf 77' lang='grc' dir='ltr'>ὅμηρον</span> <span class='ocrx_word' id='word_1_257' title='bbox 968 4048 1077 4106; x_wconf 72' lang='grc' dir='ltr'>ἐκδιδοὺς</span> 
     </span>
     <span class='ocr_line' id='line_1_36' title="bbox 557 4137 1105 4209; baseline -0.013 -15"><span class='ocrx_word' id='word_1_258' title='bbox 557 4146 682 4194; x_wconf 81' lang='grc' dir='ltr'>Διόνυσον</span> <span class='ocrx_word' id='word_1_259' title='bbox 694 4143 776 4209; x_wconf 84' lang='grc' dir='ltr'>’Ἤρας</span> <span class='ocrx_word' id='word_1_260' title='bbox 793 4140 900 4193; x_wconf 80' lang='grc' dir='ltr'>νεικέων·</span> <span class='ocrx_word' id='word_1_261' title='bbox 919 4140 1003 4205; x_wconf 82' lang='grc' dir='ltr'>χρόνῳ</span> <span class='ocrx_word' id='word_1_262' title='bbox 1020 4137 1045 4188; x_wconf 83' lang='grc' dir='ltr'>δέ</span> <span class='ocrx_word' id='word_1_263' title='bbox 1063 4156 1105 4188; x_wconf 85' lang='grc' dir='ltr'>νιν</span> 
     </span>
     <span class='ocr_line' id='line_1_37' title="bbox 556 4229 1103 4298; baseline -0.015 -14"><span class='ocrx_word' id='word_1_264' title='bbox 556 4234 646 4298; x_wconf 71' lang='grc' dir='ltr'>βροτοὶ</span> <span class='ocrx_word' id='word_1_265' title='bbox 663 4233 789 4298; x_wconf 81' lang='grc' dir='ltr'>τραφῆναί</span> <span class='ocrx_word' id='word_1_266' title='bbox 806 4242 882 4298; x_wconf 80' lang='grc' dir='ltr'>φασιν</span> <span class='ocrx_word' id='word_1_267' title='bbox 899 4230 926 4280; x_wconf 86' lang='grc' dir='ltr'>έν</span> <span class='ocrx_word' id='word_1_268' title='bbox 943 4231 1013 4295; x_wconf 75' lang='grc' dir='ltr'>μηρῷ</span> <span class='ocrx_word' id='word_1_269' title='bbox 1030 4229 1103 4290; x_wconf 87' lang='grc' dir='ltr'>Διός,</span> 
     </span>
     <span class='ocr_line' id='line_1_38' title="bbox 557 4318 1060 4386; baseline -0.012 -14"><span class='ocrx_word' id='word_1_270' title='bbox 557 4323 638 4386; x_wconf 83' lang='grc' dir='ltr'>ὄνομα</span> <span class='ocrx_word' id='word_1_271' title='bbox 654 4321 868 4385; x_wconf 77' lang='grc' dir='ltr'>μεταστήσαντες,</span> <span class='ocrx_word' id='word_1_272' title='bbox 886 4318 925 4370; x_wconf 77' lang='lat' dir='ltr'>dra</span> <span class='ocrx_word' id='word_1_273' title='bbox 942 4319 989 4383; x_wconf 76' lang='grc' dir='ltr'>θεᾷ</span> <span class='ocrx_word' id='word_1_274' title='bbox 1004 4318 1060 4375; x_wconf 84' lang='grc' dir='ltr'>θεὸς</span> 
     </span>
     <span class='ocr_line' id='line_1_39' title="bbox 555 4406 1108 4476; baseline -0.007 -16"><span class='ocrx_word' id='word_1_275' title='bbox 555 4409 623 4476; x_wconf 79' lang='grc' dir='ltr'>Ἥρᾳ</span> <span class='ocrx_word' id='word_1_276' title='bbox 641 4411 699 4460; x_wconf 84' lang='grc' dir='ltr'>ποθ’</span> <span class='ocrx_word' id='word_1_277' title='bbox 717 4409 854 4475; x_wconf 78' lang='grc' dir='ltr'>ὡμήρευσε,</span> <span class='ocrx_word' id='word_1_278' title='bbox 872 4406 1004 4466; x_wconf 84' lang='grc' dir='ltr'>συνθέντες</span> <span class='ocrx_word' id='word_1_279' title='bbox 1020 4407 1108 4471; x_wconf 81' lang='grc' dir='ltr'>λόγον.</span> 
     </span>
    </p>
   </div>
   <div class='ocr_carea' id='block_1_5' title="bbox 0 0 1580 5196">
    <p class='ocr_par' dir='ltr' id='par_1_10' title="bbox 0 0 1580 5196">
     <span class='ocr_line' id='line_1_40' title="bbox 0 0 1580 5196; baseline 0 1"><span class='ocrx_word' id='word_1_280' title='bbox 0 0 1580 5196; x_wconf 95' lang='lat' dir='ltr'> </span> 
     </span>
    </p>
   </div>
  </div>
 </body>
</html>
