3150 5194
698 432 739 494 85

176 612 350 678 obscoenis
368 612 452 698 jocis
469 635 547 679 usus
566 619 632 697 est,
650 636 691 680 ne
711 614 842 680 vocibus
862 613 994 699 quidem
1015 613 1253 679 honestioribus

175 727 288 792 velans
312 748 417 792 rerum
442 728 651 812 spurcitiem,
676 735 714 792 ut
736 727 848 792 mirari
870 728 977 812 possis
1001 749 1066 813 qua
1089 727 1195 793 fronte
1219 725 1252 792 in

175 839 343 904 Ranarum
365 838 477 905 fabula
499 838 654 924 Aeschyli
677 839 783 904 verbis
806 847 935 925 poscat,
959 847 998 906 ut
1026 848 1122 926 poeta
1145 841 1254 925 turpia

173 951 317 1035 occulat,
342 973 383 1017 ne
405 973 462 1036 per
485 973 559 1017 eum
575 951 782 1018 innotescant
804 952 935 1018 adultae
954 952 1143 1037 juventuti,
1161 952 1252 1038 cujus

174 1064 220 1129 sit
236 1073 424 1150 praeceptor
440 1075 460 1128 ¹.
487 1065 615 1151 Neque,
640 1090 714 1132 cum
738 1068 821 1133 illud
838 1068 950 1134 odium
967 1068 1163 1152 mulierum,
1188 1090 1252 1154 quo

174 1176 348 1262 Euripides
372 1177 482 1243 ardere
508 1177 689 1264 serebatur,
713 1181 818 1246 rideat
840 1181 1029 1266 saepissime
1042 1180 1251 1247 etveltotius

172 1291 358 1356 comoediae
383 1292 552 1357 materiem
575 1292 652 1358 inde
678 1295 723 1360 sit
746 1294 954 1378 mutuatus-³,
979 1295 1049 1380 ipse
1061 1293 1250 1359 mulieribus

172 1403 227 1470 vel
249 1404 380 1469 tantillo
403 1405 509 1490 magis
532 1407 692 1492 pepercit3
737 1407 838 1471 immo
860 1406 955 1492 plura
975 1408 1010 1471 in
1034 1404 1251 1492 Thesmopho-

172 1517 310 1582 riezusis
333 1516 507 1582 mulierum
530 1517 656 1604 flagitia
686 1525 892 1584 recensentur
925 1540 1023 1605 quam
1057 1521 1092 1585 in
1124 1518 1250 1585 cunetis

173 1629 341 1715 Euripidis
353 1629 485 1714 fabulis,
499 1637 537 1696 ut
552 1653 625 1697 vere
637 1631 846 1697 observatum
870 1653 890 1698 a
913 1632 1083 1716 Barnesio‚
1097 1629 1250 1697 acerrimo

172 1744 290 1829 tragici
311 1750 551 1830 propugnatore
566 1747 588 1810 ³.

208 1895 215 1926 ¹
250 1895 532 1960 Ren.vs.1053sqq.:

521 1984 694 2049 ἀποκρύπτειν
711 1986 760 2050 χρὴ
777 1987 806 2034 τὸ
824 1987 937 2050 πονηρὸν
955 1985 1001 2035 τόν
1019 2006 1045 2051 γε
1064 1983 1183 2045 ποιητήν,

268 2077 310 2125 sal
327 2077 362 2140 μὴ
380 2075 506 2140 παράγειν
521 2073 581 2138 μηδὲ
598 2073 732 2125 διδάσκειν·
750 2080 806 2134 τοῖς
822 2078 869 2139 μὲν
886 2077 934 2140 γὰρ
951 2075 1123 2140 παιδαρίοισιν

269 2164 322 2213 ἔστι
339 2161 489 2221 διδάσκαλος
506 2163 576 2222 ὅστις
593 2163 690 2229 φράζει,
707 2167 761 2222 τοῖς
778 2164 878 2228 ἡβῶσιν
894 2165 919 2214 δὲ
937 2164 1049 2223 ποιηταί.

205 2252 307 2303 Addere
324 2251 393 2302 lubet
409 2251 486 2315 Soph.
503 2251 609 2300 Philoct.
627 2266 663 2301 vs.
680 2253 730 2305 387
746 2267 795 2316 sq:

627 2339 649 2388 oi
667 2338 687 2388 δ’
704 2338 876 2403 αἰιοσμοῦνεες
891 2341 994 2406 βροτῶν

366 2428 523 2480 διδασκάλων
538 2431 635 2494 λόγοισι
652 2429 786 2493 γίγνονται
802 2430 883 2478 rusci.

205 2520 299 2570 Locum
316 2535 330 2569 e
347 2519 423 2570 uenis
433 2518 536 2568 allatum
553 2518 651 2567 videtur
668 2517 694 2565 in
705 2527 788 2567 mente
805 2517 917 2569 habuisse
933 2521 967 2570 K.
985 2518 1015 2571 0.
1032 2519 1126 2570 Miiller
1140 2518 1185 2570 Gr.
1195 2519 1245 2577 Lit.

171 2611 213 2670 11,
229 2625 285 2674 pag.
302 2611 364 2667 240,
379 2623 436 2658 cum
459 2609 495 2657 ita
510 2608 638 2658 scriberet:
667 2609 746 2657 “Man
763 2622 832 2656 muss
852 2608 984 2671 gestehen,
1001 2610 1057 2657 dass
1074 2609 1117 2658 der
1142 2607 1246 2658 Dichter

168 2698 223 2748 “im
249 2698 367 2749 Hinbiielr
394 2698 439 2747 aui
460 2698 529 2747 scine
553 2697 654 2760 Gegner
678 2697 715 2746 oft
731 2696 828 2746 bessere
844 2698 988 2762 Principien
1005 2699 1032 2747 in
1048 2698 1147 2748 Betreff
1167 2698 1247 2747 deses

170 2786 285 2837 “Punkts
305 2786 455 2851 ausspricht,
472 2786 509 2835 als
526 2799 554 2835 er
569 2786 596 2835 in
613 2786 698 2835 seinen
715 2785 826 2836 Stiicken
842 2785 918 2835 selbst
933 2787 1119 2851 wahrgemacht
1134 2786 1203 2836 hat.''

205 2873 216 2906 ²
247 2877 351 2926 Praeter
376 2874 659 2937 Thesmophoriauusas,
675 2873 747 2938 cujus
764 2872 861 2923 fabulae
878 2874 994 2937 inprimis
1010 2875 1141 2926 videantur
1158 2890 1195 2925 vs.
1211 2876 1244 2925 85

170 2976 197 3016 et
218 2966 267 3015 385
289 2980 354 3029 sqq„
370 2979 417 3014 nec
433 2979 482 3013 non
499 2966 548 3014 ste
565 2978 610 3027 sq„
628 2965 659 3013 sd
675 2963 804 3026 Euripidis
820 2965 987 3029 μισογυνείαν
1004 2963 1131 3026 pertinent
1153 2963 1201 3012 loci
1218 2963 1243 3010 in

170 3056 313 3120 Lysistrata
328 3067 366 3102 rs.
382 3037 432 3103 283
449 3062 474 3102 et
489 3054 539 3104 369
557 3067 593 3116 sq.

204 3144 215 3176 ³
247 3144 301 3193 Vit.
328 3143 388 3192 Eur.
416 3157 470 3205 cap.
495 3145 523 3190 t:
550 3142 692 3189 “fatendum
717 3149 767 3198 est,
789 3141 816 3189 in
838 3140 1102 3203 Thesmophoriazusis
1123 3155 1173 3189 non
1191 3148 1243 3190 tam

173 3233 350 3297 “Euripidem,
374 3233 495 3282 adsersus
514 3245 588 3295 quem
605 3231 692 3280 drama
709 3229 772 3279 illud
788 3231 929 3280 institutum
946 3237 1058 3293 putatur,
1075 3245 1148 3294 quam
1165 3239 1242 3280 toturn

170 3323 323 3372 “femineum
349 3335 428 3385 genus
452 3321 518 3370 hunc
540 3320 663 3368 comicum
680 3320 849 3383 perstringere
865 3319 957 3378 videri,
973 3319 1092 3382 peculiari
1107 3321 1155 3369 sibi
1169 3322 1243 3371 cavil-

170 3412 255 3461 “landi
280 3412 424 3460 charactere
449 3425 521 3458 usum
546 3420 572 3460 et
596 3411 665 3475 quasi
690 3411 765 3474 genio
782 3426 825 3461 suo
840 3411 1058 3461 obsecundanternr
1090 3411 1160 3460 Dum
1176 3413 1243 3475 enim

170 3500 333 3564 “Euripidem
357 3498 532 3550 amulieribus
557 3499 748 3548 condemnatum
773 3499 846 3562 fingit
870 3500 934 3563 quod
955 3501 986 3548 de
1002 3499 1033 3548 iis
1050 3500 1114 3548 male
1131 3512 1197 3549 esset
1217 3502 1242 3550 in

170 3591 240 3641 “suis
262 3589 396 3654 tragoediis
420 3589 531 3649 locutus,
557 3589 635 3638 multo
660 3589 731 3654 plura
752 3589 824 3637 istius
845 3603 918 3637 sexus
940 3590 1036 3653 flagitis
1059 3589 1085 3638 in
1106 3591 1179 3639 unica
1200 3591 1244 3640 illu

170 3683 315 3732 “comoedia
337 3680 431 3744 profert
455 3695 528 3744 quam
555 3681 581 3728 in
605 3680 717 3728 omnibus
742 3679 794 3727 suis
818 3679 951 3743 tragoediis
974 3680 1106 3743 Euripides
1133 3695 1243 3744 unquam
1348 3717 1350 3722 -

172 3770 375 3830 “memoraverit
400 3778 473 3833 atque
499 3770 535 3818 its
559 3769 705 3832 Euripidem
730 3771 868 3818 accusando
892 3769 1011 3828 absolvit,
1039 3770 1153 3818 mulieres
1179 3785 1239 3820 vero

170 3860 311 3910 “laudando
338 3858 527 3923 excusandoque
553 3859 663 3907 maxime
691 3858 831 3920 denigret·
854 3876 885 3895 -·-
907 3859 995 3920 (Plane
1021 3860 1084 3908 idem
1110 3860 1200 3909 dicitur
1227 3877 1242 3908 a

173 3951 209 4000 Κ.
225 3949 250 4001 0
272 3949 365 4002 unirer
382 3948 428 3998 Gr.
446 3949 657 4012 Literaturgesch.
674 3948 711 4005 ΙΙ,
730 3963 788 4011 pag.
805 3949 871 4010 245.)

206 4040 240 4093 In
259 4038 374 4088 mulieres
402 4037 501 4102 scripsit
524 4051 598 4102 porro
622 4038 785 4101 Lysistratum
810 4045 836 4085 et
860 4037 1051 4097 Ecclesiauusas,
1076 4053 1180 4101 quarum
1208 4039 1242 4088 sa-

172 4129 286 4178 bnlsrurn
316 4128 359 4177 illc
390 4142 474 4191 pacem
507 4129 677 4185 commendat,
709 4126 800 4190 passim
834 4135 916 4175 temen
942 4129 1048 4192 arreptis
1076 4128 1243 4179 occasionibus

172 4218 304 4268 vellicandi
321 4216 452 4267 femineam
477 4216 664 4281 impudicitiam,
689 4216 754 4264 hanc
781 4230 842 4265 vero
872 4225 921 4264 non
944 4215 993 4264 alio
1017 4218 1119 4266 consilio
1147 4218 1244 4270 ridetur

170 4307 336 4372 composuisse
355 4322 429 4371 quam
454 4317 482 4354 ut
507 4306 622 4355 mulieres
645 4306 822 4369 spectatoribus
851 4305 997 4354 deridendus
1029 4308 1179 4371 propinaret.
1213 4311 1243 4359 In

173 4396 244 4448 Pluti
260 4410 354 4461 quoque
376 4403 446 4459 parto
463 4395 552 4444 ultima
571 4410 612 4445 eas
632 4396 726 4444 duriter
742 4401 838 4445 tractat.
857 4396 961 4444 Praeter
986 4395 1113 4445 libidinem
1131 4399 1244 4464 inprimis

170 4503 258 4538 earum
275 4487 444 4537 temulentiam
460 4487 577 4549 castigat;
595 4486 642 4534 vid.
661 4486 761 4535 Thesm.
779 4499 813 4534 vs.
831 4485 880 4533 630
896 4498 957 4547 sqq„
974 4485 1022 4534 692
1038 4500 1089 4549 sqq.
1107 4495 1152 4536 etc.
