3180 5196
746 380 804 452 151

274 562 358 628 lbld.
379 582 421 624 νε.
441 567 531 624 1244:

219 662 224 671 ’
396 662 489 734 Ζεάς,
513 661 557 734 ὡς
580 657 722 723 λέλεκται
744 667 799 733 τῆς
821 656 969 734 άληθείας
990 658 1068 730 duo,

251 794 256 807 ,
283 750 467 832 Melanippes
489 751 635 832 Sapientis
656 751 786 811 initium.
812 750 847 794 -’-
868 749 953 812 Adde
974 769 1010 810 ex
1030 751 1118 829 Greg.
1140 752 1205 812 Cor.
1228 750 1315 810 Rhea.

233 844 300 906 VII
320 865 387 925 pag.
410 851 500 907 1312:
1269 831 1271 836 ⁵

354 981 356 985 ·
387 941 522 1019 Ἕλλην’
542 941 668 1013 ἐ’τικτεν,

231 1034 311 1096 unde
341 1036 436 1115 liquet
467 1055 620 1116 perperam
652 1055 695 1097 νε.
731 1040 807 1096 1245
839 1035 1005 1116 Dionysum
1039 1035 1177 1115 Euripidi
1206 1035 1314 1096 dicere:

231 1131 345 1204 “Oave,
374 1131 438 1209 jam
468 1133 547 1193 enim
579 1151 665 1192 suum
696 1132 858 1212 lecylhium
883 1132 1004 1203 addet’';
1023 1131 1073 1192 hic
1094 1131 1174 1192 enim
1195 1132 1313 1192 annecli

230 1243 294 1286 non
312 1233 419 1306 posset.

972 1309 1082 1372 (Eregm.
1098 1308 1148 1358 484
1163 1308 1249 1370 Dind.)

273 1433 356 1498 lbld.
378 1454 423 1496 νε.
451 1440 649 1497 1309-1322
671 1437 826 1497 continent
846 1436 944 1519 μέλος
965 1434 1163 1515 compositum
1183 1434 1221 1495 ad
1237 1433 1313 1494 deri·

232 1526 329 1588 denda
359 1530 474 1591 cantica
495 1531 663 1611 Euripidis,
684 1531 717 1592 iu
738 1550 796 1611 quo
817 1531 893 1591 varii
914 1531 1007 1611 panni
1028 1549 1063 1590 ex
1084 1529 1149 1608 ejus
1171 1529 1313 1589 dramatis

230 1625 348 1685 consuli
380 1632 463 1697 sunu
495 1627 597 1700 verba,
629 1646 705 1706 quae
736 1647 771 1688 ex
803 1627 923 1688 scholiis
948 1632 1030 1706 pelet
1058 1643 1122 1687 asse
1142 1622 1312 1703 Euripides,

230 1717 409 1796 largioribus
430 1722 508 1782 inter
528 1723 630 1808 literas
651 1722 814 1801 designabo
834 1723 948 1802 spatiis.

343 1811 602 1891 11άλιευόνες,
630 1818 669 1884 αἳ
696 1818 787 1905 παρ’
817 1817 980 1892 ἀενάοις
1010 1804 1220 1891 θαλάσσας

391 1915 535 1995 κύμασι
566 1914 837 1996 στωμύλλετε,
909 1947 912 1952 ’

391 2011 561 2094 τέγγουσαι
582 2014 702 2086 νοτίαις
721 2015 843 2097 πτερῶν

389 2101 497 2187 ῥανίσι
517 2106 600 2191 χρόα
623 2101 850 2190 δροσιζόμεναι·

390 2199 422 2262 ci
445 2197 472 2264 θ’
494 2200 669 2288 ὑπωρόφιοι
689 2201 764 2265 κατὰ
786 2203 907 2285 γωνίας

389 2294 667 2360 εἶειειειειειλίσσετε
689 2293 856 2370 δακτῦλοις
878 2296 1043 2381 φάλαγγες

390 2392 536 2455 ἱστόπονα
558 2394 753 2473 πηνίσματα,

354 2483 368 2521 ²
389 2481 573 2571 κερκίδος
595 2482 735 2550 ἀοιδοῦ
757 2483 939 2567 μελέτας,

355 2580 435 2644 1’ἵν’
457 2585 475 2646 ὁ
498 2580 700 2666 φίλαυλος
723 2579 869 2645 ’ἔπαλλε
892 2575 974 2644 δελ·

356 2681 454 2766 Αφὶς
487 2675 656 2765 πρῴραις
678 2672 974 2758 κυανεμβόλοις·

390 2781 516 2852 μαντεῖα
539 2775 588 2835 καὶ
613 2766 770 2844 σταδίους.

354 2866 367 2901 ⁶
390 2863 589 2940 οἰνάνθας,
612 2866 714 2951 γάνος
737 2865 893 2948 ἀμπέλου,

388 2956 532 3046 βότρυος
554 2959 640 3025 ἕλικα
661 2964 873 3026 παυσίπονον·

353 3055 367 3094 ⁶
387 3053 607 3143 περίβαλλ’,
628 3055 652 3119 ὦ
672 3058 820 3128 τέκνον,
844 3049 996 3128 ὠλένας.

267 3210 349 3275 lbld.
370 3230 412 3271 νε.
437 3214 513 3272 1325
535 3228 599 3289 sqq.
620 3210 784 3289 Aeschylus
806 3208 1004 3269 acerbissime:

386 3312 503 3372 τοιαυτὶ
525 3310 629 3388 μέντοι
650 3310 690 3372 ,σὺ
711 3311 812 3372 ποιῶν

388 3401 511 3487 τολμᾷς
529 3402 611 3485 τάμδι
632 3400 710 3486 μέλη
731 3404 851 3487 ψέγειν,

388 3495 447 3561 άνὰ
470 3497 505 3562 τὸ
528 3494 789 3582 δωδεκαμήχανον

390 3593 539 3677 Κυρήνης
560 3590 753 3675 μελοποιῶν;

261 3739 430 3791 ¹Secundum
455 3740 532 3789 schol.
557 3755 589 3790 ex
616 3739 701 3804 Iphig.
727 3742 833 3802 Arclid.;
861 3743 904 3792 sed
920 3744 1055 3807 legandum
1071 3742 1170 3791 videtur
1188 3741 1262 3789 Τανν.
1280 3745 1304 3787 et

227 3822 315 3884 respici
331 3834 418 3870 versus
437 3821 511 3870 1089:

226 3901 309 3964 ὅρνις,
327 3903 343 3948 ἃ
362 3902 432 3962 παρὰ
450 3899 571 3964 πετρίνας
589 3900 686 3949 πόντου
704 3900 833 3965 δειράδας,
851 3902 964 3964 ἀλκυών,
983 3903 1072 3967 ἔλεγον
1089 3900 1191 3964 οἰκτρὸν
1207 3897 1302 3956 ἀείδεις.

260 3978 270 4010 ²
286 3981 328 4030 Ex
346 3978 486 4043 Meleagro,
503 3993 552 4031 sec.
568 3980 644 4029 schol.
664 3981 775 4044 (Eragm.
793 3983 841 4033 527
857 3981 948 4042 Dind.)

221 4121 226 4132 ‚
259 4058 328 4108 ³Ex
344 4058 446 4110 Electra
462 4060 508 4122 (vs.
524 4060 590 4123 436).

261 4139 403 4190 ‘Iaterem
429 4140 509 4198 lavel,
534 4141 646 4204 quisquis
672 4140 732 4190 haec
756 4141 849 4204 disjecti
874 4140 986 4189 membra
1007 4147 1093 4202 poetae
1111 4140 1136 4187 in
1154 4138 1301 4187 senentiam

226 4220 378 4271 tolerabilem
391 4219 500 4284 jungere
517 4219 584 4269 velit.

260 4299 330 4350 ‘Ad
354 4299 413 4348 illud
438 4309 473 4349 ex
495 4298 634 4363 Hypsipyle
657 4299 794 4363 Euripidis:
820 4298 928 4348 οίνάνθα
953 4299 1034 4363 τρέφει
1059 4301 1106 4349 τὸν
1123 4299 1189 4362 ἱερὸν
1206 4297 1302 4361 βότρυν

227 4383 302 4432 schol.
320 4383 431 4445 (Fragm.
448 4383 497 4434 765
513 4380 599 4443 Dind.)

260 4461 270 4492 ⁶
287 4462 388 4538 Pariter
403 4476 435 4511 cx
452 4460 607 4525 Hypsipyle,
625 4460 700 4510 schol.
719 4461 831 4524 (Eragm.
848 4461 898 4512 756
914 4459 1002 4520 Dind.)
