3180 5196
829 347 870 408 98

310 527 345 591 in
360 549 524 594 caesuram
541 528 759 616 πευθηριρερῆ,
778 527 870 593 addit
883 526 1053 604 “tnrfiflrov
1066 526 1257 592 ussisse?
1284 525 1393 588 Vide-

310 662 403 705 amus
429 639 498 725 ejus
520 641 583 706 loci
606 639 738 705 initium
763 641 897 725 (Ranar.
926 659 971 703 vs.
1002 639 1086 702 1198
1110 639 1218 723 sqq.):
1357 639 1360 644 ’

350 755 450 814 Αθθθθ.
492 759 539 819 καὶ
559 756 621 837 μὴν
641 754 683 836 μὰ
705 755 762 819 τὸν
786 755 835 818 Δί1
858 754 895 816 οὐ
918 752 981 816 κατ’
1003 750 1080 826 ἰ’πος
1101 754 1138 836 γί
1159 777 1216 815 σου
1239 755 1339 815 κνίσω

497 861 532 925 τὸ
552 856 624 944 ῥῆμ’
646 861 792 930 ἕκαστον,
818 856 905 922 ιἰλλὰ
928 859 987 922 σὺν
1009 865 1109 921 τοῖσιν
1131 853 1216 928 θεοῖς

497 964 561 1029 ιἰπὸ
582 961 734 1038 ληκυθίου
756 991 814 1029 σου
835 966 911 1036 τοὺς
931 960 1119 1047 προλόγους
1143 958 1308 1045 διαφθερῶ.

351 1069 424 1127 E'ur.
498 1069 562 1134 ἀπὸ
584 1065 734 1143 ληκυθίου
757 1071 794 1132 σὺ
820 1070 895 1140 τοὺς
917 1067 1026 1148 irsoum

915 1171 1020 1230 Aesch.
1064 1173 1135 1246 ἐνὸς
1156 1173 1267 1253 μόνου.

498 1288 597 1354 ποιεῖς
618 1279 683 1365 γὰρ
705 1278 806 1353 οὕτως
829 1275 901 1342 ὥστ’
923 1276 1118 1362 ἐναρμόττειν
1141 1275 1242 1347 ὅπου,

498 1389 546 1448 καὶ
568 1380 722 1469 κῳδάριον
746 1387 794 1448 καὶ
817 1379 967 1457 ληκύθιον
990 1386 1038 1446 καὶ
1062 1379 1228 1452 θυλάκιον,

498 1490 530 1553 ἐν
550 1497 617 1564 τοῖς
639 1484 819 1572 ἰαμβείοισι·
843 1484 934 1560 δείξω
956 1484 982 1551 δ’
1006 1488 1123 1551 αὐτίκα·

421 1639 427 1652 ·
500 1590 584 1664 ίδοίι,
608 1596 646 1656 σὺ
675 1590 803 1668 δείξεις;

716 1698 821 1756 Aaou
855 1702 942 1782 φημι.

816 1801 937 1878 Dionys.
970 1806 1017 1866 καὶ
1042 1795 1078 1874 δὴ
1102 1801 1165 1886 χρὴ
1186 1799 1302 1886 λέγειν·

382 1935 385 1942 ’
421 1954 427 1966 .
502 1905 680 1991 Α’ίγυπτος,
704 1907 748 1980 ὡς
771 1911 788 1970 ὑ
809 1905 960 1981 πλεῖστος
983 1906 1132 1991 ἔσπαρται
1155 1903 1279 1991 λόγος,

502 2009 559 2084 {iv
580 2018 667 2077 παισὶ
689 2015 882 2088 πεντήκοντα
906 2013 1042 2096 ναυτίλῳ
1063 2010 1176 2096 πλάτη,

497 2119 622 2205 Ἄργος
643 2121 813 2204 κατασχὼν

736 2225 841 2284 Ami&
874 2222 1027 2299 ληκύθιον
1049 2222 1224 2287 ἀπώλεσεν·

362 2345 414 2412 sio
437 2343 580 2430 plurium
602 2344 809 2429 prologomm
832 2343 928 2409 initia
945 2342 1113 2408 intereinit
1124 2340 1207 2406 illud
1218 2340 1397 2406 molestum

317 2459 476 2536 ληκύθιον,
500 2455 600 2522 donec
623 2456 698 2521 finis
723 2457 892 2522 certamini
906 2457 1092 2541 imponatur
1104 2475 1205 2541 quum
1217 2452 1397 2519 verendum

318 2564 361 2628 sit
388 2588 428 2630 ne
450 2588 527 2632 mox
549 2567 620 2652 ipse
643 2589 769 2654 quoque
791 2569 922 2654 Jupiter
944 2569 1075 2634 amittat
1106 2589 1200 2632 suum
1223 2565 1395 2632 vasculum

318 2678 571 2762 unguentarium
594 2701 640 2745 vs.
670 2683 755 2744 1244
778 2703 846 2766 sqq.

364 2789 468 2870 Quam
492 2791 698 2858 vehementer
722 2793 781 2858 hoc
804 2793 1033 2878 Aristophanis
1053 2792 1128 2878 joco
1151 2791 1301 2858 delectati
1326 2791 1396 2856 sint

285 2971 288 2976 ,
319 2910 532 2987 spectatores,
557 2904 640 2971 illud
664 2907 851 2972 testimonio
874 2915 941 2988 est,
964 2906 1049 2992 quod
1065 2893 1222 2990 posterior
1239 2923 1314 2988 pars
1335 2903 1395 2966 tri·

320 3017 415 3082 metri
434 3018 583 3102 iambici,
606 3039 770 3085 sessuram
791 3016 998 3103 τιυθηριμερῆ
1014 3018 1175 3100 habentis,
1188 3015 1396 3080 iudanomen

319 3129 484 3205 ληκυθείου
507 3132 639 3217 aceepit
666 3131 740 3195 Non
765 3137 850 3196 recte
873 3139 983 3196 tamen
1006 3136 1137 3216 putares
1152 3129 1174 3212 ¹,
1199 3127 1396 3195 comieoirn-

320 3242 489 3326 probaiam
513 3244 615 3311 fuisse
639 3245 744 3329 ipsam
768 3243 858 3309 illam
882 3264 1048 3310 caesuram
1076 3252 1151 3330 post
1171 3243 1311 3328 primam
1327 3241 1395 3326 syl·

320 3354 427 3421 labam
453 3357 612 3423 secundas
636 3355 796 3442 dipudiae,
817 3379 898 3442 quae
911 3377 1012 3442 quum
1023 3378 1081 3442 per
1092 3377 1127 3422 se
1139 3355 1395 3437 commendetur,

321 3477 392 3532 tum
416 3471 593 3537 innumeris
618 3471 775 3557 exemplis
800 3472 969 3556 ascriptis
993 3471 1149 3555 Aeschyli
1161 3467 1396 3555 Sophoclisque

322 3583 464 3667 ipsiusve
496 3585 726 3670 Aristophanis
761 3585 891 3651 defendi
923 3591 1033 3670 posset
1066 3585 1095 3650 si
1118 3605 1198 3670 opus
1222 3580 1394 3646 videretur.

323 3694 424 3761 Plane
460 3695 524 3762 alia
556 3702 635 3762 sunt
676 3697 757 3762 vitia
789 3696 996 3782 prologorum
1031 3695 1281 3781 Euripideorum
1314 3711 1397 3778 quae

321 3807 381 3873 hoc
415 3814 613 3892 scommate,
649 3809 845 3875 subobscuro
880 3810 1035 3892 fortasse,
1066 3816 1159 3875 notat
1181 3806 1339 3885 comicus,
1364 3809 1398 3867 et

323 3925 415 3985 tanto
437 3920 568 4006 quidem
587 3920 659 4006 jure
682 3927 793 4004 nutat,
818 3928 872 4006 ut,
898 3943 998 4008 quum
1022 3928 1164 3987 caeterae
1176 3917 1397 3984 accusationes

323 4053 386 4098 nun
411 4033 575 4116 pauciores
604 4034 804 4099 adversarios
827 4055 926 4120 quarn
948 4033 1090 4098 fautores
1113 4031 1315 4112 invenerint,
1340 4028 1398 4092 rix

323 4146 494 4232 quisquam
517 4154 583 4212 tam
608 4169 678 4212 aser
701 4147 848 4212 extiterit
869 4145 1035 4232 Euripidis
1059 4146 1234 4211 admirator
1257 4143 1314 4228 qui
1337 4142 1398 4205 hae

357 4393 365 4426 1
384 4393 452 4454 Quae
468 4401 505 4442 est
520 4395 679 4445 Valckenarii
696 4397 831 4459 sententia,
847 4397 897 4447 vid.
915 4397 969 4460 ejus
985 4404 1069 4446 annot.
1087 4397 1118 4444 ιο
1135 4396 1196 4444 Eur.
1209 4390 1311 4456 Hippel.
1327 4407 1363 4442 ra
1372 4395 1398 4442 2.

1540 3645 1555 3934 ἰ

1546 3941 1554 4267 ι

1545 4347 1552 4592 η

1527 4794 1549 5156 i
