3150 5194
702 382 765 444 145

266 623 268 628 .
326 570 334 608 ¹
363 570 561 644 ι’ίνοικτος
583 573 626 643 ὅς
647 567 678 651 μ’
699 565 813 644 έδησε
835 571 904 633 τὸν

358 663 734 730 πολυστονώτατον
754 661 933 783 βροτῶν·

353 759 449 843 μόλις
468 756 499 825 δὲ
520 766 637 847 γραῖαν
659 760 834 845 ἀποφυγὼν

356 857 497 942 σαπρόν,
519 853 694 937 ἀπωλόμην
716 858 811 937 ὅμως

354 947 406 1015 ὅδε
427 953 489 1037 γὰρ
512 954 530 1016 ὁ
555 948 679 1025 Σκύθης
704 949 803 1015 πάλαι
825 932 931 1035 φύλάξ
952 948 1089 1033 ἐφεστὼς

355 1045 469 1118 ὀλοόν,
492 1045 641 1130 άφιλον’
630 1048 794 1131 εκρέμασεν
816 1042 925 1131 κόραξι
948 1041 1091 1110 δεῖπνον

355 1143 452 1227 ὁρᾷς
474 1139 543 1223 έμ’;
565 1141 612 1204 ού
635 1148 831 1227 χοροῖσιν
853 1135 928 1204 οὐδ’

355 1235 409 1320 ὑφ’
432 1235 575 1310 ἡλίκων
598 1232 786 1300 νεανίδων

356 1333 472 1416 ψήφων
493 1332 591 1412 κημὸν
612 1331 711 1404 ἕστηκ’
734 1328 851 1417 έχουσ’,

354 1424 427 1489 ἁλλ’
450 1429 483 1490 ἐν
504 1434 635 1500 πυκνοῖς
657 1422 818 1507 δεσμοῖσιν
839 1424 1072 1511 ἐμπεπλεγμένη

355 1524 435 1596 κήτει
455 1520 542 1606 βορὰ
566 1521 725 1608 Γλαυκέτῃ
746 1524 915 1606 πρόκειμαι·

354 1617 525 1702 γαμηλίῳ
546 1622 610 1700 μὲν
632 1619 673 1682 ού
697 1615 762 1691 Ξὺν

355 1718 508 1785 παιῶνι,
532 1709 671 1798 δεσμίῳ
694 1710 749 1785 δέ,

356 1807 476 1893 γοᾶσθέ
496 1809 526 1892 μ’
548 1809 572 1872 ὦ
594 1817 753 1894 γυναῖκες,
777 1811 820 1883 ὡς

355 1902 450 1984 μέλεα
470 1908 526 1987 μὲν
547 1895 690 1970 πέπονθα
710 1904 835 1986 μέλεος,

357 1999 381 2061 ὦ
402 1998 504 2074 τάλας
525 2000 603 2086 ἐγώ,
626 1998 743 2073 τάλας,
926 1999 929 2004 ’

355 2091 419 2158 ἀπὸ
442 2090 473 2158 δὲ
496 2096 667 2179 συγγόνων
688 2091 797 2158 τάλαν’
821 2093 943 2175 άνομα
964 2090 1088 2156 πάθεα

357 2191 463 2272 φιῖιτα
493 2187 728 2267 λιτομέναν,

356 2281 600 2373 πολυδάκρυτον
622 2281 713 2350 Ἀίδα
734 2287 816 2371 γόον
838 2284 1036 2371 φλέγουσαν,

357 2383 433 2452 αἰαῖ,
456 2385 535 2454 αἰαῖ,

358 2474 452 2558 δςέμ
453 2473 655 2564 ’ἀπεξύρησε
676 2479 817 2564 πρῶτον,

358 2570 396 2644 ὃς
417 2572 465 2653 ἐμὲ
486 2574 614 2659 κροκόεν
635 2569 700 2638 τόδ’
722 2567 878 2642 ἐνέδυσεν,

358 2667 406 2729 ἐπὶ
429 2663 459 2731 δὲ
481 2664 579 2733 τοῖσδ’
600 2670 633 2742 ἐς
654 2663 711 2733 τόδ
694 2663 719 2733 δ’
741 2666 913 2750 άνέπεμφεν

357 2762 442 2847 ἱερὸν
450 2806 458 2834 ,
480 2760 555 2828 ἐ’νθα
576 2769 732 2852 γυναῖκες·

358 2857 394 2919 ἰὼ
412 2861 526 2945 μοίρας
548 2857 673 2944 άτεγκτε
695 2854 821 2940 δαίμον’
901 2889 903 2894 ’

359 2948 383 3014 ὦ
404 2953 578 3037 κατάρατος
600 2955 674 3039 ἐγώ·

358 3049 409 3121 τίς
429 3049 503 3130 ἐμὸν
525 3048 582 3113 οὐκ
604 3049 750 3132 ἐπόψεται

358 3139 463 3224 πάθος
485 3141 660 3232 ἀμέγαρτον
682 3145 729 3208 ἐπὶ
751 3144 852 3205 κακῶν
873 3145 1042 3229 παρουσίρὶ
1070 3177 1071 3182 ’

360 3233 420 3301 ε’ίθε
440 3266 476 3321 με
497 3239 664 3326 πυρφόρος
687 3233 810 3324 αἰθέρος
832 3235 930 3323 ἀστὴρ

358 3333 415 3397 τὸν
435 3329 611 3420 βόρβορον
634 3328 813 3405 ἐξολέσειεν·

360 3427 399 3490 ού
418 3427 481 3515 γάρ
504 3426 543 3491 ἔτ’
565 3425 724 3493 ἀθανάταν
746 3424 854 3512 φλόγα
875 3425 1018 3492 λεύσσειν

360 3523 444 3587 ἐστὶν
466 3524 531 3604 ἐμοὶ
554 3521 668 3608 φίλον,
692 3523 735 3597 ὡς
756 3518 956 3608 ἐκρεμάσθην,

360 3617 561 3701 λαιμοτόμητ’
584 3617 647 3709 ἄχη
668 3613 805 3700 δαιμόνι’,
829 3616 941 3682 αἰόλαν

361 3717 482 3778 νέκυσιν
505 3716 552 3780 ἐπὶ
570 3716 710 3800 πορείαν.

201 3914 417 3922 —--————----

235 4049 243 4080 ¹
262 4045 388 4096 Scholion:

364 4126 480 4183 ἄνοικτος
496 4126 525 4183 ’ὸς
540 4126 617 4176 τεκών
633 4142 660 4174 σε
679 4125 728 4185 τὴν

361 4205 583 4265 πολυπανωτάτην
597 4204 702 4269 βροτῶν

361 4284 468 4348 μεθῆκεν
479 4282 553 4349 ’Ἅιδᾳ
570 4285 670 4350 πάτρας
686 4284 849 4350 ὑπερθανεῖν.

901 4365 1012 4432 (Fragm.
1032 4369 1078 4422 120
1094 4369 1182 4420 Dina.)

233 4444 244 4476 ²
261 4444 324 4510 ὀρεῖς
341 4452 366 4494 et
382 4459 445 4507 quae
462 4451 600 4509 sequuntur
615 4458 694 4506 usque
711 4446 742 4493 ad
760 4445 834 4495 finem
852 4444 901 4497 vid.
919 4447 1023 4510 Fmgm.
1045 4448 1092 4499 122
1109 4449 1186 4500 Dind.

1107 4531 1146 4596 10
