3154 5198
793 382 834 444 58

438 569 551 652 ψυχῶν
575 572 683 652 σοφῶν
705 568 788 631 τοῦτ’
808 570 871 632 ἐστι
895 570 1148 653 φροντιστήριον·

438 669 558 736 ἐνταῦθ’
581 671 731 735 ἐνοικοῦσ’
756 670 870 757 ἄνδρες
892 671 923 736 οι
944 674 1000 736 τὸν
1022 673 1161 756 οὐρανὸν

436 775 585 861 λε’γοντες
607 774 831 842 ἀναπείθουσιν
853 779 897 851 ὡς
919 776 1003 841 ἔστιν
1024 776 1163 860 πνιγεύς,

436 879 544 944 κᾶστιν
566 884 635 965 περὶ
655 882 737 962 ἡμᾶς
758 882 870 956 οὗτος,
893 882 979 963 ἡμεῖς
1002 877 1028 945 δ’
1051 878 1204 965 ἄνθρακες
1219 879 1240 935 ¹·

277 1006 384 1091 Hujus
415 1007 516 1093 igitur
548 1029 640 1073 casae
662 1008 797 1093 januam
821 1009 962 1076 validius
987 1009 1121 1094 pulsans
1147 1008 1350 1093 Strepsiades

275 1143 295 1184 a
323 1120 482 1206 discipulo
512 1122 653 1188 Socratis
677 1122 848 1208 corripitur
870 1123 956 1208 quod
982 1120 1122 1210 φροντίδ’
1145 1119 1351 1208 ἐξήμβλωκεν

276 1232 481 1320 ἐξηυρημένην
514 1240 576 1316 (vs.
613 1238 676 1300 137
701 1239 800 1321 sqq),
824 1235 976 1302 videlicet
999 1256 1081 1320 quae
1106 1235 1256 1300 sit-ratio
1279 1256 1350 1299 ma-

275 1347 452 1413 themetioa
482 1347 567 1423 inter
597 1348 718 1414 saltum
750 1348 867 1434 pulicis
892 1355 925 1414 et
954 1348 1023 1433 ejus
1054 1349 1175 1434 pedum
1202 1339 1349 1434 longitu-

275 1463 394 1528 dinem.
442 1461 561 1526 Narrat
589 1467 754 1547 praeterea
784 1462 905 1527 rustico
937 1462 1102 1547 stupenti,
1134 1482 1233 1546 quarn
1255 1460 1349 1546 inge-

275 1576 366 1641 niose
401 1575 547 1641 Socrates
580 1574 719 1660 explicet
744 1579 876 1640 cantum
899 1575 1040 1641 culicum
1064 1574 1126 1657 (vs.
1156 1577 1217 1639 157
1243 1577 1348 1660 sqq),

275 1696 308 1753 et
331 1689 509 1774 quomodo,
534 1710 635 1774 quum
658 1711 788 1755 cursum
810 1689 907 1754 lunae
920 1688 1050 1753 inhians
1063 1687 1348 1772 contemplaretur,

275 1803 310 1866 in
342 1803 411 1888 ejus
445 1825 480 1869 os
511 1810 660 1890 apertum
683 1803 835 1869 inciderit
859 1802 969 1868 merda
992 1802 1160 1868 mustelae.
1211 1801 1290 1866 Mox
1313 1803 1349 1866 ιιι

276 1916 407 1981 domum
438 1917 599 1983 admissus
631 1917 833 2002 Strepsiades
865 1915 1004 2001 adspicit
1027 1915 1204 2000 discipulos
1230 1919 1350 2001 ἐγκεκυ·

276 2031 391 2112 φότας,
424 2030 461 2095 τιι
493 2030 567 2094 κατὰ
597 2039 657 2115 γῆς
689 2029 881 2104 ζητοῦντας,
910 2030 1017 2114 ipsum
1049 2035 1157 2094 aulem
1184 2029 1349 2095 Socratem

276 2138 515 2227 ἀεροβατοῦντα
541 2148 588 2208 καὶ
610 2149 861 2229 περιφρονοῦντα
882 2145 939 2208 τὸν
960 2142 1068 2218 ιιλιον,
1089 2143 1122 2205 in
1139 2142 1272 2207 sublimi
1285 2144 1349 2208 sci-

276 2253 353 2319 lieet
371 2275 593 2343 suspensum,
627 2275 690 2339 quo
720 2255 830 2320 anima
863 2255 975 2340 procul
1006 2277 1025 2319 a
1054 2255 1207 2340 gravibus
1231 2254 1349 2319 humo-

275 2367 363 2432 ribus
396 2367 452 2451 qui
480 2374 597 2431 terram
630 2367 767 2452 cingunt
798 2368 832 2432 in
864 2368 1009 2433 tenuiore
1041 2374 1112 2433 aere
1136 2368 1180 2432 sit
1203 2369 1345 2434 alacrior.

278 2480 344 2546 Sua
366 2479 502 2544 numina
524 2477 695 2563 profitetur
718 2478 830 2545 Nubes
856 2479 919 2560 (vs
946 2481 1039 2564 253),
1061 2480 1190 2545 invocat
1208 2481 1348 2546 immen-

276 2614 349 2659 sum
362 2594 447 2657 Aera
457 2591 727 2678 splendidumque
739 2593 881 2660 Aethera
895 2599 929 2660 et
940 2594 1042 2659 almas
1055 2594 1167 2660 Nubes
1178 2594 1239 2679 (vs.
1252 2596 1347 2679 265),
1367 2627 1372 2637 ·

276 2713 309 2772 et
316 2706 482 2791 jurantem
495 2705 644 2771 audimus
657 2689 714 2792 per
724 2707 891 2790 Animam,
906 2706 1011 2774 Chaos
1022 2708 1170 2794 Aeraque
1180 2708 1242 2793 (vs.
1255 2710 1346 2795 627).

276 2818 388 2883 Nubes
413 2817 489 2882 illae
514 2839 534 2881 a
561 2817 691 2885 Socrate
719 2841 763 2884 vs.
794 2823 858 2884 317
883 2840 951 2904 sqq.
978 2819 1028 2884 his
1054 2819 1161 2885 titulis
1185 2826 1219 2886 et
1241 2821 1349 2886 laudi-

275 2935 336 2999 bus
360 2939 529 2998 ornantur:
1248 2937 1250 2942 '

714 3063 849 3146 μεγάλαι
871 3061 934 3127 θεαὶ
957 3059 1110 3148 ἀνδράσιν
1132 3064 1259 3148 ἀργοῖς,

317 3169 405 3254 αιπερ
426 3170 556 3252 γνώμην
578 3173 625 3232 καὶ
648 3163 786 3240 διάλεξιν
808 3172 856 3232 καὶ
877 3174 955 3233 νοῦν
976 3171 1048 3251 ἡμῖν
1070 3171 1242 3255 παρέχουσι

317 3275 364 3335 και
386 3274 542 3356 τερατείαν
564 3275 612 3334 και
633 3269 792 3357 περίλεξιν
813 3277 862 3336 καὶ
883 3278 1010 3358 κροῦσιν
1032 3277 1081 3337 και
1103 3271 1285 3355 κατάληψιν·

277 3391 310 3448 et
332 3407 379 3449 vs.
407 3388 469 3449 332
495 3407 562 3470 sqq.
590 3385 629 3450 de
652 3385 692 3450 iis
715 3387 895 3471 praedicat:

318 3515 355 3577 οὐ
367 3514 431 3598 γὰρ
442 3514 484 3595 μὰ
499 3515 547 3578 Δί’
560 3511 642 3578 οἷσθ’
654 3517 720 3589 ὁτιὴ
734 3514 905 3590 πλείστους
917 3516 1002 3580 αὗται
1013 3513 1171 3602 βόσκουσι
1183 3519 1349 3602 σοφιστάς,

319 3615 565 3702 θουριομίιντεις,
588 3621 806 3704 ἰατροτέχνας,
829 3617 1284 3707 σφραγιδονυχαργοκομήτας,

317 3720 452 3784 κυκλίων
474 3749 504 3784 τε
528 3727 637 3809 χορῶν
649 3722 925 3806 ᾀσματοκάμπτας,
938 3722 1056 3812 ἄνδρας
1065 3730 1347 3812 μετεωροφένακας·

280 3839 427 3925 Denique
459 3846 495 3904 ut
527 3841 678 3906 ostendet
711 3842 875 3926 Socrates,
900 3866 965 3908 non
988 3845 1101 3910 invitis
1126 3845 1177 3911 his
1202 3846 1348 3911 numiui-

279 3954 339 4017 bus
364 3974 397 4017 se
420 3973 549 4037 operam
571 3953 699 4018 dedisse
711 3946 955 4040 quaestiouibus
968 3960 1188 4041 naturalibus,
1203 3960 1348 4044 ingentis

311 4160 319 4191 ¹
353 4160 416 4211 Cum
434 4162 480 4210 hoc
495 4161 550 4210 loco
565 4162 726 4212 conferendus
743 4173 780 4212 est
796 4166 859 4215 alter
875 4167 1013 4216 simillimus
1021 4183 1054 4218 ex
1063 4169 1161 4218 Avibus
1170 4185 1205 4218 vs.
1217 4171 1280 4220 1000
1288 4185 1350 4234 sqq,

281 4250 320 4297 ubi
337 4251 424 4303 Meton
441 4250 476 4299 ita
491 4251 592 4314 loquens
609 4253 745 4318 inducitur:

472 4341 561 4388 αὐτίκα
578 4343 626 4405 γὰρ
645 4341 692 4404 ἀήρ
711 4343 763 4390 ἐστι
781 4344 830 4402 τὴν
848 4344 916 4394 ἰδέαν
933 4345 992 4402 ὅλος
1088 4383 1090 4388 -

471 4430 534 4476 κατὰ
553 4427 643 4493 πνιγέα
660 4429 770 4491 μάλιστα
