3154 5198
884 395 902 453 2

337 591 454 662 'saepe
489 583 599 642 autem
630 582 707 640 noto
742 577 839 641 errori
874 575 1081 660 indulgentes
1113 575 1223 659 potius
1259 593 1360 658 quarn
1398 595 1445 635 ex

290 761 292 770 Ι
358 682 494 747 historia
517 704 551 746 se
575 680 698 746 edoceri
721 680 900 765 patiantur,
926 702 963 744 ea
987 701 1067 764 quae
1091 678 1180 742 fuere
1204 684 1271 742 tam
1295 675 1447 760 pulchra

358 785 599 869 imaginantur,
622 790 659 848 ut
686 783 781 848 abavi
805 782 954 847 miraturi
977 787 1086 846 essent
1109 779 1154 862 si,
1179 781 1220 844 ab
1244 779 1443 858 inferiore-

358 889 471 969 duces,
497 892 630 972 possent
654 886 761 951 videre
785 908 882 971 quam
906 885 1054 949 decoram
1077 891 1110 948 et
1133 885 1277 970 ipsorum
1301 888 1441 946 ettem-

358 990 445 1074 poris
479 1011 541 1074 quo
574 989 725 1054 vixerunt
754 987 893 1072 effigiem
927 994 1059 1073 nepotes
1085 987 1147 1052 sibi
1171 986 1437 1051 informaverint.

358 1093 472 1158 Altera
504 1114 577 1158 vero
606 1115 679 1177 pars
703 1093 891 1174 hominum,
917 1101 950 1156 et
974 1093 1059 1156 inter
1082 1091 1140 1156 hos
1164 1113 1230 1156 non
1254 1112 1324 1154 raro
1348 1089 1375 1153 ii
1401 1089 1441 1152 in

359 1195 476 1282 quibus
501 1196 681 1260 maximum
705 1195 802 1260 robur
826 1194 968 1279 ingenii,
995 1194 1062 1259 suis
1085 1194 1209 1258 viribus
1226 1193 1350 1276 confisi,
1366 1193 1440 1275 legi

359 1307 508 1364 aeternae
532 1299 662 1364 obedire
685 1298 814 1362 malunt
840 1319 922 1383 quae
944 1303 1034 1362 vetat
1058 1299 1230 1384 quicquam
1254 1297 1439 1362 consistere

359 1404 392 1466 in
417 1403 534 1488 quiete.
583 1401 630 1466 Hi
652 1406 763 1467 autem
786 1422 827 1465 ne
849 1400 996 1465 incidant
1020 1401 1053 1465 in
1079 1422 1216 1465 errorem
1232 1400 1439 1465 contrarium

359 1527 424 1569 non
453 1504 560 1572 minor
591 1511 642 1570 est
667 1503 789 1579 cautio;
821 1502 899 1568 dum
923 1503 1012 1568 enim
1036 1508 1114 1567 nota
1137 1503 1235 1567 nimis
1258 1503 1350 1586 parvi
1374 1502 1437 1565 ha-

359 1609 438 1672 bent
469 1613 502 1672 et
529 1607 564 1671 in
595 1607 719 1692 ignotis
746 1628 876 1672 omnem
909 1628 1000 1691 spem
1033 1611 1180 1691 ponunt,
1209 1605 1304 1670 facile
1328 1605 1437 1669 addu-

359 1721 477 1776 cuntur
499 1717 537 1776 ut
560 1710 596 1774 in
619 1710 734 1796 quovis
757 1716 850 1775 motu
873 1731 1079 1796 progressum
1101 1709 1202 1775 latere
1226 1709 1436 1795 suspicentur

359 1823 393 1879 et
423 1814 625 1900 quibuslibet
658 1813 894 1879 mutationibus
927 1820 1046 1878 temere
1074 1812 1249 1899 plaudant3
1285 1836 1321 1879 ac
1353 1813 1434 1878 dum

358 1918 500 1983 solidam
522 1925 642 1982 terram
665 1937 730 1981 non
754 1916 834 1981 satis
859 1916 958 2000 spatii
981 1916 1044 1982 sibi
1060 1917 1212 2001 praebere
1228 1915 1432 1998 existimant,

359 2043 423 2086 non
453 2043 524 2086 raro
553 2020 593 2085 fit
615 2027 652 2086 ut
676 2020 710 2083 in
734 2019 931 2085 immensum
954 2019 1085 2085 aethera
1108 2042 1142 2085 se
1166 2021 1303 2102 tollant,
1328 2019 1431 2084 auda-

359 2126 409 2189 cia
432 2125 514 2189 duce
538 2140 571 2189 et
593 2123 724 2208 auspice
747 2121 832 2204 sola,
858 2143 934 2186 mox
959 2124 1078 2187 nubem
1098 2144 1157 2208 pro
1173 2123 1233 2188 dea
1249 2123 1432 2209 amplexari

359 2235 416 2293 aut
439 2226 622 2312 liquefactis
649 2226 767 2312 pennis
793 2225 894 2290 vitreo
917 2225 1025 2290 daturi
1049 2226 1182 2291 nomine
1205 2234 1315 2312 ponto.

405 2331 458 2395 Me
490 2328 623 2416 quidem
648 2329 677 2395 si
700 2328 773 2414 quis
796 2335 889 2414 roget
911 2328 994 2394 utris
1018 2329 1165 2414 partibus
1189 2352 1241 2394 me
1265 2330 1429 2410 addicam,

359 2456 424 2499 non
449 2454 526 2498 sane
553 2454 671 2518 negem
694 2454 746 2498 me
769 2432 878 2517 potius
902 2433 986 2498 velle
1008 2433 1158 2518 progredi
1182 2455 1280 2519 quam
1305 2455 1430 2518 semper

359 2539 471 2604 eodem
504 2539 575 2604 loco
607 2559 737 2602 manere
770 2539 827 2603 'aut
861 2539 960 2604 etiam
990 2539 1151 2618 recedere3
1184 2546 1217 2604 et
1245 2539 1273 2604 si
1297 2539 1428 2604 omuino

358 2642 559 2729 pereundum
593 2647 699 2723 esset,
731 2641 865 2706 mallem
896 2651 934 2706 ut
960 2642 1089 2724 Icarus,
1114 2643 1170 2726 qui
1194 2642 1328 2725 saltem,
1352 2643 1427 2707 dum

360 2745 466 2811 “coeli
489 2743 641 2831 cupidine
665 2750 788 2810 tractus
812 2744 911 2810 altius
934 2745 1003 2831 egit
1026 2747 1120 2827 iter,”
1133 2746 1175 2812 ad
1187 2746 1265 2813 solis
1277 2746 1426 2812 viciniam

271 2851 278 2868 '
359 2853 552 2940 accesserat,
585 2847 675 2933 puris
705 2847 803 2913 maris
835 2847 989 2914 fluctibus
1020 2849 1129 2932 obrui,
1155 2871 1252 2935 quam
1280 2857 1318 2916 ut
1341 2850 1425 2915 Oim-

360 2952 496 3016 mericus
524 2951 679 3017 barbarus
708 2972 780 3016 cum
815 2950 980 3016 lutulenta
1009 2952 1106 3036 gleba
1135 2975 1351 3036 concrescere,
1375 2953 1425 3017 viv

359 3054 574 3140 praestantior
607 3054 713 3119 ostrea
735 3076 817 3138 quae
841 3052 913 3138 rupi
937 3053 1098 3118 adhaeret.
1149 3055 1212 3120 Sed
1239 3077 1296 3139 per
1319 3055 1425 3120 breves

359 3158 415 3243 qui
446 3157 552 3222 adhuc
582 3156 664 3222 mihi
695 3155 838 3224 concessi
870 3156 1002 3243 fuerunt
1031 3179 1132 3222 anuos
1164 3157 1223 3224 hoc
1252 3166 1338 3224 certe
1360 3158 1425 3223 vita

361 3282 411 3326 me
440 3259 571 3344 docuit,
598 3281 664 3324 non
689 3260 812 3345 primos
837 3267 959 3325 metam
983 3261 1145 3346 attingere
1167 3262 1223 3346 qui
1246 3261 1424 3327 inconside-

361 3363 440 3428 ratis
464 3362 591 3428 nisibus
615 3363 786 3447 provolent
809 3363 947 3428 simulac
965 3363 1144 3429 carceribus
1158 3365 1360 3448 emittantur,
1373 3364 1424 3430 sed

279 3518 281 3524 ,
360 3465 514 3550 majorem
544 3465 585 3530 iis
617 3487 707 3550 spem
738 3487 808 3531 esse
836 3467 988 3532 vincendi
1011 3467 1068 3554 qui
1090 3467 1178 3542 lente
1200 3466 1372 3552 festinent,
1394 3473 1424 3532 et

358 3569 508 3635 certiores
542 3590 640 3656 quam
674 3569 842 3636 celeriores
873 3576 999 3657 ponant
1029 3581 1184 3657 gressus,
1211 3579 1359 3638 caventes
1386 3594 1423 3636 ne

359 3673 511 3738 labantur
534 3694 593 3738 nec
615 3673 699 3738 vires
723 3681 1012 3758 praeconsumant‚
1041 3676 1123 3741 bene
1147 3697 1304 3742 memores
1328 3698 1421 3761 quan-

360 3785 429 3840 tum
456 3775 554 3860 spatii
578 3775 812 3841 decurrendum
835 3784 943 3843 restet.

404 3877 491 3943 Hinc
514 3876 554 3942 fit
576 3883 631 3960 ut,
656 3878 929 3962 quemadmodum
952 3880 1066 3946 laetari
1090 3881 1188 3964 soleo,
1213 3881 1354 3948 humano
1371 3903 1421 3967 ge·

359 3982 428 4046 neri
456 3981 598 4046 inditum
625 4003 695 4046 esse
721 4003 849 4048 sacrum
872 3984 1033 4067 ardorem,
1058 4007 1121 4071 quo
1145 4007 1275 4051 sursum
1300 3986 1421 4050 tendere

359 4083 558 4170 impellitur,
604 4085 650 4150 sic
693 4106 860 4168 summae
881 4087 980 4152 etiam
1026 4088 1212 4174 Sapientiae
1255 4089 1419 4155 documen·
1454 4163 1456 4168 ,

359 4193 430 4252 tum
463 4187 664 4269 existimem,
702 4188 788 4274 quod
821 4190 971 4256 sublimis
1007 4192 1063 4257 ille
1096 4200 1203 4258 motus
1232 4198 1420 4277 temperatur

359 4297 460 4355 terrae
484 4289 625 4375 quodam
648 4312 774 4376 amore,
799 4293 855 4377 qui
878 4292 1029 4377 prohibet
1044 4296 1238 4380 quominus,
1255 4295 1348 4361 firmo
1359 4295 1417 4361 solo

359 4393 486 4476 relicto,
511 4415 602 4458 mens
626 4393 769 4460 bumana
785 4417 849 4459 non
864 4394 981 4461 habeat
996 4419 1059 4483 quo
1077 4398 1244 4464 innitatur.
1274 4398 1416 4464 Binarum
