3150 5194
691 416 752 477 115

177 600 323 686 tragicae
343 598 499 686 dignitati
517 600 666 666 detrahit.
694 599 780 664 Nam
801 617 910 664 revera
921 617 986 664 non
1000 599 1142 665 multum
1155 599 1257 666 inter-

176 719 247 796 est,
272 720 381 780 utrum
404 714 534 800 regibus
557 736 615 800 pro
636 735 797 800 purpurea
815 712 984 797 chlamyde
1005 713 1170 779 sordidum
1197 717 1256 779 tri·
1353 707 1355 713 ’

174 827 262 892 bona
284 828 420 912 induas,
446 851 486 894 an
511 849 622 894 eorum
645 828 743 892 verba
765 849 782 892 e
807 824 991 911 tragoediae
1014 831 1117 892 metro
1139 849 1256 893 canoro

172 941 347 1026 gravique,
384 942 469 1026 quod
502 940 679 1006 sententias
704 945 798 1004 ornat
821 922 886 1003 nec
903 937 1001 1003 nimis
1025 944 1133 1004 tamen
1157 941 1253 1005 arctis

173 1053 316 1118 vinculis
336 1055 521 1140 compescit,
541 1052 716 1118 transferas
736 1053 770 1116 in
792 1051 968 1117 dissolutos
985 1051 1125 1116 comicae
1140 1073 1253 1116 scenae

172 1187 345 1250 numeros,
379 1167 435 1253 qui
468 1167 561 1252 quasi
598 1164 737 1231 saltibus
772 1155 923 1250 progredi
950 1170 983 1229 et
1003 1186 1061 1248 per
1084 1185 1197 1250 aspera
1220 1169 1253 1228 et

175 1279 279 1343 densa
310 1301 401 1345 ruere
433 1279 604 1362 videntur,
630 1300 650 1342 a
673 1298 820 1342 sermone
844 1276 1033 1363 quotidiano
1056 1295 1172 1361 parum
1202 1277 1251 1340 di-

178 1398 315 1458 stantes.
352 1391 415 1456 Hic
448 1412 574 1477 quoque
609 1389 800 1474 Euripidem
837 1411 967 1454 monere
989 1389 1106 1454 velles:
1131 1394 1189 1455 aut
1211 1412 1252 1454 ne

174 1506 312 1570 ostende
346 1504 440 1570 nobis
472 1503 647 1585 semideos,
671 1508 729 1568 aut
751 1503 798 1567 ita
820 1501 995 1588 loquantur
1018 1509 1055 1567 ut
1077 1524 1118 1568 ex
1140 1524 1251 1568 eorum

174 1640 325 1684 sermone
354 1617 546 1703 dicendique
570 1615 665 1680 modo
688 1637 901 1701 agnoscamus
924 1638 990 1680 non
1014 1616 1054 1681 de
1075 1615 1169 1700 plebe
1192 1616 1249 1680 hc-

174 1730 361 1814 munoulos,
385 1731 442 1796 sed
464 1731 541 1797 Jovi
565 1730 691 1815 prolem
714 1751 780 1795 non
803 1727 1047 1796 infitiandaml.

208 1941 331 1991 ¹Partim
352 1941 497 2004 joculariter
522 1955 566 1989 sua
591 1939 771 2003 sesquipedalia
795 1940 871 1988 verbs
898 1940 1046 1998 defendens,
1074 1940 1164 2003 partim
1189 1939 1253 1988 seria

173 2047 266 2095 agens,
283 2032 424 2095 Aeschylus
440 2032 532 2082 Ranar.
550 2047 585 2080 vs.
605 2033 668 2081 loos
684 2047 736 2095 sqq.
753 2032 788 2080 ita
804 2031 924 2096 loquitur:

668 2120 725 2171 ἀλλ’
742 2123 761 2170 ὦ
779 2120 943 2185 κακόδαιμον,
961 2121 1059 2186 ἀνάγκη

289 2211 407 2276 μεγάλων
423 2216 530 2276 γνωμῶν
546 2213 587 2260 καὶ
605 2211 724 2262 διανοιῶν
740 2212 784 2260 ἶσα
800 2213 842 2260 καὶ
860 2212 891 2260 τὰ
907 2209 1007 2275 ῥήματα
1025 2213 1124 2262 τίκτειν.

290 2299 389 2356 κᾶλλως
406 2298 469 2356 εἰκὸς
487 2300 546 2357 τοὺς
563 2299 679 2365 ἡμιθέους
697 2305 751 2358 τοῖς
769 2299 863 2364 ῥήμασι
878 2300 973 2363 μείζοσι
989 2303 1113 2364 χρῆσθαι,

289 2389 331 2435 καὶ
348 2389 395 2453 γὰρ
412 2391 465 2446 τοῖς
482 2388 588 2452 ἱματίοις
604 2389 676 2451 ἡμῶν
694 2394 806 2453 χρῶνται
823 2388 890 2437 πολὺ
908 2389 1099 2453 σεμνοτέροισιν.
1116 2415 1148 2426 -

209 2475 340 2538 “Nirgsnd
356 2490 408 2524 war
424 2475 464 2524 die
481 2476 576 2524 soharfe
593 2476 679 2526 Kritik
696 2477 739 2526 der
757 2477 879 2526 Komhdie
895 2477 978 2525 besser
989 2477 1135 2542 berechtigt,
1145 2477 1250 2539 nirgcnd

175 2566 281 2614 “wurde
298 2566 340 2614 das
357 2565 441 2614 antike
458 2565 511 2615 Ohr
528 2566 713 2628 empfindlicher
731 2565 858 2615 verletzt.'’
873 2567 1008 2617 Bernhard.
1026 2567 1060 2617 ll.
1077 2582 1136 2632 pag.
1153 2568 1210 2618 416.
