3180 5196
701 397 762 458 117

192 580 303 647 Habet
335 578 423 645 enim
455 579 564 644 nescio
595 579 674 664 quid
697 578 895 664 voluptatis,
921 579 949 643 si
972 579 1054 643 serio
1077 578 1164 643 dicta
1192 600 1268 644 con-

190 696 362 757 vertuntur
394 690 585 757 insensum
611 690 793 773 ludicrum,
818 690 1092 776 quemadmodum
1115 691 1268 757 delectari

191 804 333 870 solemus
373 809 488 870 notum
525 802 554 869 si
588 803 707 870 callida
740 804 875 869 verbum
909 803 1087 870 reddiderit
1113 804 1270 889 junctura

190 937 311 981 novum
331 916 351 981 ¹.
389 914 483 995 Quod
506 920 616 980 autem
640 915 833 1001 Euripidem
856 916 953 1001 longe
977 915 1105 1000 saepius
1129 914 1267 1003 παρῳδεῖ

190 1029 332 1096 comicus
364 1051 462 1116 quam
492 1029 633 1114 reliquos
666 1034 800 1094 cunctos
824 1034 956 1112 poetas,
981 1027 1014 1093 id
1041 1027 1178 1095 fortasse
1201 1052 1265 1094 non

190 1143 264 1208 ideo
286 1143 393 1228 magis
416 1142 495 1208 fecit
517 1143 604 1227 quod
629 1163 703 1207 eum
726 1162 804 1226 prae
827 1140 959 1226 reliquis
982 1141 1111 1206 ridendi
1137 1142 1264 1227 copiam

190 1257 267 1321 dare
295 1262 457 1340 censeret,
493 1277 592 1341 quam
616 1255 702 1341 quod
726 1252 795 1338 ejus
819 1254 967 1319 dramata
989 1254 1136 1320 omnium
1159 1255 1266 1324 multo

191 1375 301 1434 essent
323 1368 513 1453 notissima,
538 1374 575 1433 ut
599 1366 753 1454 quicquid
776 1367 879 1431 adea
902 1367 1099 1433 alluderetur
1111 1368 1267 1433 facillime

192 1487 303 1568 posset
325 1481 468 1567 intelligi
481 1482 503 1545 ².
531 1481 577 1546 Et
599 1481 659 1545 hac
683 1479 814 1565 quidem
837 1479 871 1544 in
895 1501 944 1563 re,
970 1479 999 1544 si
1019 1501 1157 1566 usquam
1177 1480 1267 1565 alibi,

192 1595 334 1659 admiror
350 1592 563 1680 sagacitatem
586 1602 765 1679 natumque
788 1593 830 1658 ad
852 1592 963 1658 literas
981 1592 1151 1679 ingenium
1162 1595 1269 1660 homi-

194 1728 273 1771 num
295 1706 522 1785 Atticorum³;
547 1711 585 1772 ut
607 1706 695 1771 enim
718 1712 787 1771 tam
810 1705 940 1771 crebrae
963 1728 1115 1772 versuum
1129 1707 1268 1793 tragico-

194 1841 266 1884 rum
290 1818 490 1913 imitationes
513 1819 694 1906 placerent,
720 1841 850 1886 necesse
862 1826 931 1885 erat
943 1842 1007 1884 non
1019 1801 1128 1885 minus
1140 1826 1267 1905 specta-

195 1938 302 2000 torum
321 1955 419 2019 quam
442 1933 545 2020 ipsius
567 1939 682 2018 poetae
705 1932 820 1997 comici
843 1933 952 1997 animo
975 1933 1222 1998 obversarentur
1234 1956 1271 1998 ea

195 2046 266 2112 loca
285 2068 380 2131 saepe
400 2046 456 2112 vix
476 2046 634 2111 notabilia
655 2052 689 2109 et
702 2045 850 2109 difficilia
870 2045 1004 2130 agnitu3
1018 2066 1095 2109 nam
1106 2067 1147 2110 ne
1157 2045 1270 2131 loquar

195 2161 235 2225 de
246 2157 386 2226 mustela
398 2182 415 2226 e
425 2160 577 2226 fluctibus
589 2165 791 2245 emergente,
806 2181 887 2244 quac
900 2163 1008 2224 tantos
1024 2158 1128 2224 movit
1139 2159 1268 2236 cachin-

196 2295 255 2339 nos
270 2273 300 2356 ⁴,
323 2273 375 2339 vel
406 2275 446 2338 de
467 2272 581 2386 lingua
605 2272 779 2358 Hippolyti
799 2271 930 2357 jurante
953 2269 1015 2377 ἰδίᾳ
1035 2283 1090 2348 τῆς
1113 2277 1228 2361 φρενός
1242 2275 1269 2351 ⁵,

197 2385 306 2472 qualia
335 2406 481 2450 sermone
514 2383 627 2471 populi
654 2393 782 2469 recepta
809 2384 956 2449 abierant
980 2384 1014 2448 in
1041 2385 1271 2470 proverbium⁶

197 2499 382 2585 neminique
406 2522 481 2586 ergo
495 2499 610 2586 ignota
633 2521 703 2565 esse
717 2507 867 2584 poterant
876 2548 884 2583 ‚
903 2537 947 2547 -
959 2505 994 2564 at
1007 2498 1177 2584 permultis
1190 2499 1269 2564 locis

197 2613 444 2699 Aristophaneis
477 2635 587 2679 versus
614 2613 782 2698 Euripidis
806 2618 986 2698 tanguntur
1007 2612 1090 2677 nihil
1109 2611 1270 2697 peculiare

197 2727 354 2793 habentes
374 2748 438 2813 quo
460 2727 627 2792 haererent
638 2726 842 2792 audientium
854 2727 1036 2791 memoriae.
1063 2725 1099 2792 Si
1110 2746 1184 2791 cum
1196 2724 1269 2790 istis
1357 2700 1362 2711 ’

198 2847 267 2904 tam
297 2847 467 2905 emunctae
491 2840 578 2906 naris
595 2839 830 2924 spectatoribus
851 2860 1075 2925 comparamus
1099 2839 1271 2904 hodiernos

198 2952 366 3035 homines,
387 2951 719 3018 nostrumsaeculum
740 2951 896 3036 pristinae
916 2952 1016 3016 aetati
1038 2952 1156 3016 mirum
1168 2971 1271 3035 quan·
1327 2957 1329 2962 '

198 3072 270 3131 tum
305 3064 415 3130 cedere
438 3064 617 3130 ¹fatendum
647 3071 706 3130 est
729 3065 803 3130 Non
831 3072 916 3131 stare
945 3079 1055 3150 posset
1073 3064 1185 3130 fabula
1207 3084 1271 3148 quo

197 3180 339 3245 vivimus
351 3185 494 3264 tempore
508 3179 541 3242 in
554 3200 618 3264 qua
629 3184 679 3242 tot
687 3177 752 3263 joci
765 3179 883 3243 eruditi
891 3183 1091 3244 occurrerent
1098 3204 1107 3257 ;
1120 3176 1270 3262 aequales

198 3291 304 3357 nostri
326 3300 364 3356 ut
386 3291 513 3357 rideant
533 3290 756 3376 plauduntque
779 3290 876 3375 plane
888 3289 968 3355 alios
988 3291 1070 3356 sales
1090 3290 1267 3376 postulant.

639 3497 830 3512 m

192 3657 194 3662 ·
247 3630 311 3697 Sed
333 3631 410 3696 haec
433 3631 597 3697 hactenus
625 3630 710 3696 Loca
725 3629 919 3715 Euripidea‚
936 3651 1018 3716 quae
1036 3629 1278 3720 Aristophanes

198 3797 392 3808 -σ--ι--ι

236 3914 242 3944 ¹
262 3915 349 3963 Horat.
365 3915 396 3963 ad
413 3914 515 3963 Pisones
532 3929 569 3964 vs.
586 3915 625 3966 47.

234 4003 245 4034 ²
261 4002 301 4054 Ol,
316 4004 380 4053 aen.
398 4018 434 4054 vs.
454 4005 516 4053 1109
532 4018 584 4066 sqq.

235 4093 245 4124 ³
261 4094 302 4146 cf.
318 4094 454 4144 Bernhard.
472 4095 489 4143 l.
504 4094 521 4145 1.
538 4109 595 4157 pag.
615 4095 660 4146 127
680 4099 705 4141 et
721 4094 769 4143 600
785 4106 821 4156 sq.

235 4181 245 4214 ⁴
263 4181 343 4233 Orcst.
360 4198 395 4232 vs.
412 4184 476 4241 279,
491 4183 554 4232 Rau.
576 4197 610 4233 vs.
628 4183 684 4232 304.

234 4271 244 4303 ⁵
263 4270 339 4334 Hipp.
358 4286 392 4320 vs.
409 4272 470 4329 612,
487 4270 639 4333 Thesmoph.
656 4284 692 4317 vs.
706 4270 768 4328 276,
785 4271 848 4319 Rau.
867 4283 901 4316 vs.
921 4267 969 4317 102
984 4277 1009 4316 et
1026 4267 1096 4318 1471.

236 4361 246 4391 ⁶
263 4360 324 4410 Vid.
341 4376 354 4410 e
380 4375 405 4424 g.
422 4360 531 4412 Socratis
547 4361 572 4409 in
591 4360 702 4409 Platonis
719 4359 841 4409 convivio
857 4358 934 4408 verba
951 4373 1006 4422 pag.
1026 4357 1121 4408 laaA:
1140 4356 1155 4416 ἡ
1171 4356 1273 4420 γλῶττα

202 4453 249 4500 οὖν
267 4450 399 4515 ὑπέσχετο,
418 4450 434 4511 ἡ
452 4451 475 4501 δὲ
494 4452 560 4515 φρὴν
577 4451 613 4500 οὗ.
