<?xml version="1.0" encoding="UTF-8"?>
<!DOCTYPE html PUBLIC "-//W3C//DTD XHTML 1.0 Transitional//EN"
    "http://www.w3.org/TR/xhtml1/DTD/xhtml1-transitional.dtd">
<html xmlns="http://www.w3.org/1999/xhtml" xml:lang="en" lang="en">
 <head>
  <title>
</title>
<meta http-equiv="Content-Type" content="text/html;charset=utf-8" />
  <meta name='ocr-system' content='tesseract 3.04.00' />
  <meta name='ocr-capabilities' content='ocr_page ocr_carea ocr_par ocr_line ocrx_word'/>
</head>
<body>
  <div class='ocr_page' id='page_1' title='image "./specimenliterar02leeugoog_0054.png"; bbox 0 0 3154 5198; ppageno 0'>
   <div class='ocr_carea' id='block_1_1' title="bbox 569 933 890 1029">
    <p class='ocr_par' dir='ltr' id='par_1_1' title="bbox 569 933 890 1029">
     <span class='ocr_line' id='line_1_1' title="bbox 569 933 890 1029; baseline -0.009 0"><span class='ocrx_word' id='word_1_1' title='bbox 569 933 777 1029; x_wconf 80' lang='lat' dir='ltr'><strong>&#39;cAPur</strong></span> <span class='ocrx_word' id='word_1_2' title='bbox 805 953 890 1027; x_wconf 79' lang='grc' dir='ltr'><strong>ΠΙ.</strong></span> 
     </span>
    </p>
   </div>
   <div class='ocr_carea' id='block_1_2' title="bbox 494 1117 1007 1230">
    <p class='ocr_par' dir='ltr' id='par_1_2' title="bbox 494 1117 1007 1230">
     <span class='ocr_line' id='line_1_2' title="bbox 494 1117 1007 1230; baseline -0.014 -20"><span class='ocrx_word' id='word_1_3' title='bbox 494 1161 669 1210; x_wconf 81' lang='lat' dir='ltr'><strong>nunrrrnns</strong></span> <span class='ocrx_word' id='word_1_4' title='bbox 708 1117 1007 1230; x_wconf 60' lang='lat' dir='ltr'><strong>canonizaret.</strong></span> 
     </span>
    </p>
   </div>
   <div class='ocr_carea' id='block_1_3' title="bbox 655 1311 848 1326">
    <p class='ocr_par' dir='ltr' id='par_1_3' title="bbox 655 1311 848 1326">
     <span class='ocr_line' id='line_1_3' title="bbox 655 1311 848 1326; baseline -0.01 0"><span class='ocrx_word' id='word_1_5' title='bbox 655 1311 848 1326; x_wconf 57' lang='lat' dir='ltr'><strong>m</strong></span> 
     </span>
    </p>
   </div>
   <div class='ocr_carea' id='block_1_4' title="bbox 386 1412 1110 1516">
    <p class='ocr_par' dir='ltr' id='par_1_4' title="bbox 386 1412 1110 1516">
     <span class='ocr_line' id='line_1_4' title="bbox 386 1412 1110 1516; baseline -0.003 -20"><span class='ocrx_word' id='word_1_6' title='bbox 386 1435 399 1515; x_wconf 66' lang='grc' dir='ltr'><strong>ξ</strong></span> <span class='ocrx_word' id='word_1_7' title='bbox 429 1437 456 1497; x_wconf 88' lang='lat' dir='ltr'><strong>l.</strong></span> <span class='ocrx_word' id='word_1_8' title='bbox 505 1412 732 1516; x_wconf 67' lang='lat' dir='ltr'><strong>Aristophanis</strong></span> <span class='ocrx_word' id='word_1_9' title='bbox 756 1431 814 1496; x_wconf 85' lang='lat' dir='ltr'><strong>loci</strong></span> <span class='ocrx_word' id='word_1_10' title='bbox 836 1431 893 1496; x_wconf 77' lang='lat' dir='ltr'><strong>lene</strong></span> <span class='ocrx_word' id='word_1_11' title='bbox 907 1435 1110 1516; x_wconf 78' lang='lat' dir='ltr'><strong>pertinentes,</strong></span> 
     </span>
    </p>
   </div>
   <div class='ocr_carea' id='block_1_5' title="bbox 205 1713 1375 3598">
    <p class='ocr_par' dir='ltr' id='par_1_5' title="bbox 206 1713 1375 2370">
     <span class='ocr_line' id='line_1_5' title="bbox 252 1713 1280 1800; baseline -0.007 -17"><span class='ocrx_word' id='word_1_12' title='bbox 252 1718 410 1783; x_wconf 89' lang='lat' dir='ltr'><strong>Ardorem</strong></span> <span class='ocrx_word' id='word_1_13' title='bbox 434 1715 597 1800; x_wconf 88' lang='lat' dir='ltr'><strong>poeticum</strong></span> <span class='ocrx_word' id='word_1_14' title='bbox 621 1737 675 1780; x_wconf 91' lang='lat' dir='ltr'><strong>me</strong></span> <span class='ocrx_word' id='word_1_15' title='bbox 694 1715 807 1800; x_wconf 89' lang='lat' dir='ltr'><strong>judice</strong></span> <span class='ocrx_word' id='word_1_16' title='bbox 822 1714 964 1780; x_wconf 83' lang='lat' dir='ltr'><strong>defuisse</strong></span> <span class='ocrx_word' id='word_1_17' title='bbox 980 1713 1131 1799; x_wconf 79' lang='lat' dir='ltr'><strong>Euripidi</strong></span> <span class='ocrx_word' id='word_1_18' title='bbox 1143 1713 1280 1778; x_wconf 90' lang='lat' dir='ltr'><strong>ostendi.</strong></span> 
     </span>
     <span class='ocr_line' id='line_1_6' title="bbox 208 1825 1284 1914; baseline -0.007 -16"><span class='ocrx_word' id='word_1_19' title='bbox 208 1833 306 1898; x_wconf 82' lang='lat' dir='ltr'><strong>Unde</strong></span> <span class='ocrx_word' id='word_1_20' title='bbox 330 1832 392 1902; x_wconf 86' lang='lat' dir='ltr'><strong>tria</strong></span> <span class='ocrx_word' id='word_1_21' title='bbox 415 1830 498 1895; x_wconf 93' lang='lat' dir='ltr'><strong>mihi</strong></span> <span class='ocrx_word' id='word_1_22' title='bbox 519 1829 672 1894; x_wconf 90' lang='lat' dir='ltr'><strong>videntur</strong></span> <span class='ocrx_word' id='word_1_23' title='bbox 694 1828 850 1914; x_wconf 84' lang='lat' dir='ltr'><strong>explicari</strong></span> <span class='ocrx_word' id='word_1_24' title='bbox 872 1850 976 1914; x_wconf 86' lang='lat' dir='ltr'><strong>posse.</strong></span> <span class='ocrx_word' id='word_1_25' title='bbox 1025 1825 1136 1892; x_wconf 88' lang='lat' dir='ltr'><strong>Primo</strong></span> <span class='ocrx_word' id='word_1_26' title='bbox 1152 1827 1284 1914; x_wconf 89' lang='lat' dir='ltr'><strong>quidem</strong></span> 
     </span>
     <span class='ocr_line' id='line_1_7' title="bbox 206 1941 1283 2030; baseline -0.004 -20"><span class='ocrx_word' id='word_1_27' title='bbox 206 1946 284 2012; x_wconf 90' lang='lat' dir='ltr'><strong>inde</strong></span> <span class='ocrx_word' id='word_1_28' title='bbox 307 1944 505 2030; x_wconf 81' lang='lat' dir='ltr'><strong>intelligitur</strong></span> <span class='ocrx_word' id='word_1_29' title='bbox 528 1966 584 2010; x_wconf 87' lang='lat' dir='ltr'><strong>cnr</strong></span> <span class='ocrx_word' id='word_1_30' title='bbox 608 1965 673 2008; x_wconf 91' lang='lat' dir='ltr'><strong>non</strong></span> <span class='ocrx_word' id='word_1_31' title='bbox 697 1965 819 2009; x_wconf 89' lang='lat' dir='ltr'><strong>novum</strong></span> <span class='ocrx_word' id='word_1_32' title='bbox 840 1965 944 2028; x_wconf 87' lang='lat' dir='ltr'><strong>genus</strong></span> <span class='ocrx_word' id='word_1_33' title='bbox 966 1943 1073 2027; x_wconf 87' lang='lat' dir='ltr'><strong>poesis</strong></span> <span class='ocrx_word' id='word_1_34' title='bbox 1092 1941 1283 2023; x_wconf 81' lang='lat' dir='ltr'><strong>condiderit,</strong></span> 
     </span>
     <span class='ocr_line' id='line_1_8' title="bbox 206 2057 1375 2144; baseline -0.006 -20"><span class='ocrx_word' id='word_1_35' title='bbox 206 2059 265 2124; x_wconf 88' lang='lat' dir='ltr'><strong>sed</strong></span> <span class='ocrx_word' id='word_1_36' title='bbox 289 2058 471 2144; x_wconf 80' lang='lat' dir='ltr'><strong>tragoedias</strong></span> <span class='ocrx_word' id='word_1_37' title='bbox 496 2057 733 2143; x_wconf 79' lang='lat' dir='ltr'><strong>composuerit,</strong></span> <span class='ocrx_word' id='word_1_38' title='bbox 758 2058 796 2121; x_wconf 78' lang='grc' dir='ltr'><strong>τὰ</strong></span> <span class='ocrx_word' id='word_1_39' title='bbox 816 2059 946 2141; x_wconf 77' lang='grc' dir='ltr'>μέγιστα</span> <span class='ocrx_word' id='word_1_40' title='bbox 968 2061 1075 2120; x_wconf 86' lang='lat' dir='ltr'><strong>tamen</strong></span> <span class='ocrx_word' id='word_1_41' title='bbox 1099 2064 1154 2130; x_wconf 82' lang='grc' dir='ltr'><strong>τῆς</strong></span> <span class='ocrx_word' id='word_1_42' title='bbox 1165 2083 1284 2142; x_wconf 74' lang='grc' dir='ltr'>τραγῳ·</span> <span class='ocrx_word' id='word_1_43' title='bbox 1372 2063 1375 2069; x_wconf 89' lang='grc'><strong>’</strong></span> 
     </span>
     <span class='ocr_line' id='line_1_9' title="bbox 206 2167 1286 2259; baseline -0.007 -21"><span class='ocrx_word' id='word_1_44' title='bbox 206 2169 294 2248; x_wconf 61' lang='lat' dir='ltr'><strong>danic</strong></span> <span class='ocrx_word' id='word_1_45' title='bbox 321 2177 436 2259; x_wconf 80' lang='grc' dir='ltr'>τέχνης</span> <span class='ocrx_word' id='word_1_46' title='bbox 461 2170 660 2258; x_wconf 79' lang='grc' dir='ltr'>παραλιπών,</span> <span class='ocrx_word' id='word_1_47' title='bbox 684 2176 723 2236; x_wconf 80' lang='lat' dir='ltr'><strong>ut</strong></span> <span class='ocrx_word' id='word_1_48' title='bbox 745 2169 981 2254; x_wconf 81' lang='lat' dir='ltr'><strong>Aristophanes</strong></span> <span class='ocrx_word' id='word_1_49' title='bbox 1006 2168 1090 2232; x_wconf 83' lang='lat' dir='ltr'><strong>dixit</strong></span> <span class='ocrx_word' id='word_1_50' title='bbox 1104 2169 1125 2252; x_wconf 81' lang='lat'><strong>¹,</strong></span> <span class='ocrx_word' id='word_1_51' title='bbox 1141 2167 1222 2250; x_wconf 78' lang='lat' dir='ltr'><strong>vel,</strong></span> <span class='ocrx_word' id='word_1_52' title='bbox 1247 2174 1286 2232; x_wconf 83' lang='lat' dir='ltr'><strong>ut</strong></span> 
     </span>
     <span class='ocr_line' id='line_1_10' title="bbox 206 2282 952 2370; baseline -0.003 -23"><span class='ocrx_word' id='word_1_53' title='bbox 206 2283 393 2370; x_wconf 86' lang='lat' dir='ltr'><strong>Agathonis</strong></span> <span class='ocrx_word' id='word_1_54' title='bbox 418 2282 539 2348; x_wconf 66' lang='lat' dir='ltr'><strong>verba²</strong></span> <span class='ocrx_word' id='word_1_55' title='bbox 562 2284 604 2347; x_wconf 94' lang='lat' dir='ltr'><strong>ad</strong></span> <span class='ocrx_word' id='word_1_56' title='bbox 627 2305 702 2348; x_wconf 89' lang='lat' dir='ltr'><strong>eum</strong></span> <span class='ocrx_word' id='word_1_57' title='bbox 727 2283 952 2366; x_wconf 86' lang='lat' dir='ltr'><strong>detorqueam:</strong></span> 
     </span>
    </p>

    <p class='ocr_par' dir='ltr' id='par_1_6' title="bbox 368 2393 1078 2484">
     <span class='ocr_line' id='line_1_11' title="bbox 368 2393 1078 2484; baseline -0.003 -23"><span class='ocrx_word' id='word_1_58' title='bbox 368 2401 404 2462; x_wconf 85' lang='grc' dir='ltr'><strong>τὸ</strong></span> <span class='ocrx_word' id='word_1_59' title='bbox 425 2402 481 2479; x_wconf 72' lang='grc' dir='ltr'><strong>μὲν</strong></span> <span class='ocrx_word' id='word_1_60' title='bbox 503 2398 666 2484; x_wconf 76' lang='grc' dir='ltr'>πάρεργον</span> <span class='ocrx_word' id='word_1_61' title='bbox 689 2397 785 2483; x_wconf 77' lang='grc' dir='ltr'>’ἔργον</span> <span class='ocrx_word' id='word_1_62' title='bbox 807 2393 851 2470; x_wconf 81' lang='grc' dir='ltr'><strong>ὣς</strong></span> <span class='ocrx_word' id='word_1_63' title='bbox 872 2399 1078 2478; x_wconf 74' lang='grc' dir='ltr'>ποιούμενος,</span> 
     </span>
    </p>

    <p class='ocr_par' dir='ltr' id='par_1_7' title="bbox 205 2497 1284 3151">
     <span class='ocr_line' id='line_1_12' title="bbox 368 2497 1084 2588; baseline -0.001 -23"><span class='ocrx_word' id='word_1_64' title='bbox 368 2503 404 2566; x_wconf 84' lang='grc' dir='ltr'><strong>τὸ</strong></span> <span class='ocrx_word' id='word_1_65' title='bbox 426 2497 571 2588; x_wconf 71' lang='grc' dir='ltr'>δ’ἕργον</span> <span class='ocrx_word' id='word_1_66' title='bbox 593 2503 637 2577; x_wconf 85' lang='grc' dir='ltr'><strong>ὡς</strong></span> <span class='ocrx_word' id='word_1_67' title='bbox 659 2502 823 2588; x_wconf 58' lang='grc' dir='ltr'>πάροογον</span> <span class='ocrx_word' id='word_1_68' title='bbox 845 2503 1084 2582; x_wconf 73' lang='grc' dir='ltr'>ἐκπονούμενος·</span> 
     </span>
     <span class='ocr_line' id='line_1_13' title="bbox 208 2603 1284 2692; baseline -0.002 -23"><span class='ocrx_word' id='word_1_69' title='bbox 208 2605 259 2670; x_wconf 93' lang='lat' dir='ltr'><strong>De</strong></span> <span class='ocrx_word' id='word_1_70' title='bbox 280 2605 339 2670; x_wconf 89' lang='lat' dir='ltr'><strong>hac</strong></span> <span class='ocrx_word' id='word_1_71' title='bbox 362 2626 395 2669; x_wconf 92' lang='lat' dir='ltr'><strong>re</strong></span> <span class='ocrx_word' id='word_1_72' title='bbox 414 2604 484 2690; x_wconf 89' lang='lat' dir='ltr'><strong>jam</strong></span> <span class='ocrx_word' id='word_1_73' title='bbox 510 2605 653 2670; x_wconf 89' lang='lat' dir='ltr'><strong>vidimus</strong></span> <span class='ocrx_word' id='word_1_74' title='bbox 669 2607 690 2670; x_wconf 80' lang='lat'><strong>³.</strong></span> <span class='ocrx_word' id='word_1_75' title='bbox 725 2605 850 2670; x_wconf 87' lang='lat' dir='ltr'><strong>Deinde</strong></span> <span class='ocrx_word' id='word_1_76' title='bbox 866 2603 1174 2692; x_wconf 74' lang='grc' dir='ltr'>ἱΠοπολυμηχανία,</span> <span class='ocrx_word' id='word_1_77' title='bbox 1187 2624 1284 2688; x_wconf 90' lang='lat' dir='ltr'><strong>quam</strong></span> 
     </span>
     <span class='ocr_line' id='line_1_14' title="bbox 205 2717 1281 2804; baseline -0.001 -22"><span class='ocrx_word' id='word_1_78' title='bbox 205 2717 332 2802; x_wconf 86' lang='lat' dir='ltr'><strong>passim</strong></span> <span class='ocrx_word' id='word_1_79' title='bbox 355 2717 592 2804; x_wconf 82' lang='lat' dir='ltr'><strong>Aristophanes</strong></span> <span class='ocrx_word' id='word_1_80' title='bbox 615 2719 646 2784; x_wconf 90' lang='lat' dir='ltr'><strong>ei</strong></span> <span class='ocrx_word' id='word_1_81' title='bbox 670 2718 783 2804; x_wconf 88' lang='lat' dir='ltr'><strong>objicit</strong></span> <span class='ocrx_word' id='word_1_82' title='bbox 796 2720 820 2801; x_wconf 65' lang='lat' dir='ltr'><strong>l,</strong></span> <span class='ocrx_word' id='word_1_83' title='bbox 846 2717 929 2782; x_wconf 89' lang='lat' dir='ltr'><strong>mihi</strong></span> <span class='ocrx_word' id='word_1_84' title='bbox 949 2718 1026 2782; x_wconf 90' lang='lat' dir='ltr'><strong>hinc</strong></span> <span class='ocrx_word' id='word_1_85' title='bbox 1036 2717 1135 2782; x_wconf 87' lang='lat' dir='ltr'><strong>fluere</strong></span> <span class='ocrx_word' id='word_1_86' title='bbox 1145 2717 1281 2783; x_wconf 88' lang='lat' dir='ltr'><strong>videtur.</strong></span> 
     </span>
     <span class='ocr_line' id='line_1_15' title="bbox 205 2829 1284 2918; baseline -0.001 -23"><span class='ocrx_word' id='word_1_87' title='bbox 205 2829 314 2896; x_wconf 80' lang='lat' dir='ltr'><strong>Tertio</strong></span> <span class='ocrx_word' id='word_1_88' title='bbox 332 2832 402 2898; x_wconf 91' lang='lat' dir='ltr'><strong>loco</strong></span> <span class='ocrx_word' id='word_1_89' title='bbox 424 2854 465 2897; x_wconf 85' lang='lat' dir='ltr'><strong>ex</strong></span> <span class='ocrx_word' id='word_1_90' title='bbox 483 2833 595 2898; x_wconf 89' lang='lat' dir='ltr'><strong>eodem</strong></span> <span class='ocrx_word' id='word_1_91' title='bbox 612 2833 703 2898; x_wconf 88' lang='lat' dir='ltr'><strong>fonte</strong></span> <span class='ocrx_word' id='word_1_92' title='bbox 714 2854 883 2898; x_wconf 86' lang='lat' dir='ltr'><strong>emanasse</strong></span> <span class='ocrx_word' id='word_1_93' title='bbox 894 2832 1032 2897; x_wconf 88' lang='lat' dir='ltr'><strong>arbitror</strong></span> <span class='ocrx_word' id='word_1_94' title='bbox 1041 2831 1284 2918; x_wconf 78' lang='grc' dir='ltr'>πολυγνωμικὸν</span> 
     </span>
     <span class='ocr_line' id='line_1_16' title="bbox 205 2941 1284 3030; baseline -0.004 -22"><span class='ocrx_word' id='word_1_95' title='bbox 205 2945 309 3029; x_wconf 85' lang='lat' dir='ltr'><strong>illud,</strong></span> <span class='ocrx_word' id='word_1_96' title='bbox 343 2944 468 3030; x_wconf 83' lang='grc' dir='ltr'>ῥήσεων</span> <span class='ocrx_word' id='word_1_97' title='bbox 491 2944 584 3010; x_wconf 89' lang='lat' dir='ltr'><strong>illam</strong></span> <span class='ocrx_word' id='word_1_98' title='bbox 607 2947 809 3029; x_wconf 83' lang='lat' dir='ltr'><strong>ubertatem,</strong></span> <span class='ocrx_word' id='word_1_99' title='bbox 834 2945 949 3010; x_wconf 88' lang='lat' dir='ltr'><strong>multis</strong></span> <span class='ocrx_word' id='word_1_100' title='bbox 973 2945 1140 3010; x_wconf 89' lang='lat' dir='ltr'><strong>laudatam</strong></span> <span class='ocrx_word' id='word_1_101' title='bbox 1164 2942 1221 3008; x_wconf 89' lang='lat' dir='ltr'><strong>sed</strong></span> <span class='ocrx_word' id='word_1_102' title='bbox 1244 2941 1284 3005; x_wconf 88' lang='lat' dir='ltr'><strong>ab</strong></span> 
     </span>
     <span class='ocr_line' id='line_1_17' title="bbox 205 3056 1056 3151; baseline 0.002 -29"><span class='ocrx_word' id='word_1_103' title='bbox 205 3056 428 3143; x_wconf 88' lang='lat' dir='ltr'><strong>Aristophane</strong></span> <span class='ocrx_word' id='word_1_104' title='bbox 451 3079 546 3144; x_wconf 89' lang='lat' dir='ltr'><strong>saepe</strong></span> <span class='ocrx_word' id='word_1_105' title='bbox 569 3059 776 3125; x_wconf 86' lang='lat' dir='ltr'><strong>acerbissime</strong></span> <span class='ocrx_word' id='word_1_106' title='bbox 797 3058 946 3124; x_wconf 89' lang='lat' dir='ltr'><strong>derisam.</strong></span> <span class='ocrx_word' id='word_1_107' title='bbox 1053 3145 1056 3151; x_wconf 24' lang='grc' dir='ltr'>Ι</span> 
     </span>
    </p>

    <p class='ocr_par' dir='ltr' id='par_1_8' title="bbox 251 3169 1100 3259">
     <span class='ocr_line' id='line_1_18' title="bbox 251 3169 1100 3259; baseline -0.001 -23"><span class='ocrx_word' id='word_1_108' title='bbox 251 3170 328 3236; x_wconf 75' lang='lat' dir='ltr'><strong>dam</strong></span> <span class='ocrx_word' id='word_1_109' title='bbox 351 3169 442 3255; x_wconf 86' lang='lat' dir='ltr'><strong>prius</strong></span> <span class='ocrx_word' id='word_1_110' title='bbox 465 3170 505 3236; x_wconf 90' lang='lat' dir='ltr'><strong>de</strong></span> <span class='ocrx_word' id='word_1_111' title='bbox 529 3171 776 3259; x_wconf 82' lang='grc' dir='ltr'>πολυμηχανίας</span> <span class='ocrx_word' id='word_1_112' title='bbox 797 3169 932 3235; x_wconf 88' lang='lat' dir='ltr'><strong>crimine</strong></span> <span class='ocrx_word' id='word_1_113' title='bbox 955 3192 1100 3255; x_wconf 81' lang='lat' dir='ltr'><strong>agamus</strong></span> 
     </span>
    </p>

    <p class='ocr_par' dir='ltr' id='par_1_9' title="bbox 205 3280 1285 3598">
     <span class='ocr_line' id='line_1_19' title="bbox 254 3280 1282 3368; baseline -0.007 -18"><span class='ocrx_word' id='word_1_114' title='bbox 254 3281 446 3368; x_wconf 76' lang='lat' dir='ltr'><strong>Complures</strong></span> <span class='ocrx_word' id='word_1_115' title='bbox 470 3290 549 3349; x_wconf 88' lang='lat' dir='ltr'><strong>sunt</strong></span> <span class='ocrx_word' id='word_1_116' title='bbox 571 3283 636 3348; x_wconf 92' lang='lat' dir='ltr'><strong>loci</strong></span> <span class='ocrx_word' id='word_1_117' title='bbox 659 3283 693 3346; x_wconf 92' lang='lat' dir='ltr'><strong>in</strong></span> <span class='ocrx_word' id='word_1_118' title='bbox 717 3282 949 3368; x_wconf 86' lang='lat' dir='ltr'><strong>Aristophanis</strong></span> <span class='ocrx_word' id='word_1_119' title='bbox 973 3282 1094 3348; x_wconf 87' lang='lat' dir='ltr'><strong>fabulis</strong></span> <span class='ocrx_word' id='word_1_120' title='bbox 1115 3281 1172 3347; x_wconf 90' lang='lat' dir='ltr'><strong>ubi</strong></span> <span class='ocrx_word' id='word_1_121' title='bbox 1185 3280 1282 3344; x_wconf 82' lang='lat' dir='ltr'><strong>Euri-</strong></span> 
     </span>
     <span class='ocr_line' id='line_1_20' title="bbox 205 3376 1284 3484; baseline -0.006 -21"><span class='ocrx_word' id='word_1_122' title='bbox 205 3398 293 3484; x_wconf 65' lang='grc' dir='ltr'><strong>ρον</strong></span> <span class='ocrx_word' id='word_1_123' title='bbox 326 3376 469 3480; x_wconf 69' lang='lat' dir='ltr'><strong>carpam</strong></span> <span class='ocrx_word' id='word_1_124' title='bbox 502 3392 811 3462; x_wconf 66' lang='lat' dir='ltr'><strong>armachanus.</strong></span> <span class='ocrx_word' id='word_1_125' title='bbox 859 3403 1053 3484; x_wconf 53' lang='lat' dir='ltr'><strong>nataae</strong></span> <span class='ocrx_word' id='word_1_126' title='bbox 1084 3395 1129 3460; x_wconf 69' lang='lat' dir='ltr'><strong>su</strong></span> <span class='ocrx_word' id='word_1_127' title='bbox 1152 3394 1245 3459; x_wconf 76' lang='lat' dir='ltr'><strong>aunt</strong></span> <span class='ocrx_word' id='word_1_128' title='bbox 1260 3398 1284 3476; x_wconf 50' lang='grc' dir='ltr'><strong>ὃ,</strong></span> 
     </span>
     <span class='ocr_line' id='line_1_21' title="bbox 205 3507 1285 3598; baseline -0.007 -20"><span class='ocrx_word' id='word_1_129' title='bbox 205 3510 427 3598; x_wconf 87' lang='lat' dir='ltr'><strong>peritissimus</strong></span> <span class='ocrx_word' id='word_1_130' title='bbox 451 3515 506 3576; x_wconf 77' lang='grc' dir='ltr'><strong>τοῦ</strong></span> <span class='ocrx_word' id='word_1_131' title='bbox 529 3509 691 3597; x_wconf 74' lang='grc' dir='ltr'>τεχνάζειν</span> <span class='ocrx_word' id='word_1_132' title='bbox 706 3509 729 3567; x_wconf 80' lang='lat'><strong>⁶·</strong></span> <span class='ocrx_word' id='word_1_133' title='bbox 754 3507 977 3592; x_wconf 82' lang='lat' dir='ltr'><strong>Praeceptoris</strong></span> <span class='ocrx_word' id='word_1_134' title='bbox 1000 3509 1140 3575; x_wconf 79' lang='lat' dir='ltr'><strong>Socratis</strong></span> <span class='ocrx_word' id='word_1_135' title='bbox 1159 3508 1285 3574; x_wconf 86' lang='lat' dir='ltr'><strong>vafrum</strong></span> 
     </span>
    </p>
   </div>
   <div class='ocr_carea' id='block_1_6' title="bbox 182 3745 1288 4525">
    <p class='ocr_par' dir='ltr' id='par_1_10' title="bbox 182 3745 1288 4525">
     <span class='ocr_line' id='line_1_22' title="bbox 243 3745 492 3794; baseline -0.012 0"><span class='ocrx_word' id='word_1_136' title='bbox 243 3745 249 3776; x_wconf 90' lang='lat'>¹</span> <span class='ocrx_word' id='word_1_137' title='bbox 285 3745 402 3794; x_wconf 78' lang='lat' dir='ltr'><strong>Ranvs.</strong></span> <span class='ocrx_word' id='word_1_138' title='bbox 421 3745 492 3793; x_wconf 89' lang='grc'>1494.</span> 
     </span>
     <span class='ocr_line' id='line_1_23' title="bbox 182 3833 608 3904; baseline -0.005 -19"><span class='ocrx_word' id='word_1_139' title='bbox 182 3889 189 3904; x_wconf 59' lang='grc'><strong><em>,</em></strong></span> <span class='ocrx_word' id='word_1_140' title='bbox 241 3833 252 3866; x_wconf 77' lang='lat'>²</span> <span class='ocrx_word' id='word_1_141' title='bbox 285 3835 379 3884; x_wconf 87' lang='lat' dir='ltr'><strong>Athen.</strong></span> <span class='ocrx_word' id='word_1_142' title='bbox 396 3834 431 3892; x_wconf 86' lang='lat' dir='ltr'><strong>V,</strong></span> <span class='ocrx_word' id='word_1_143' title='bbox 448 3847 505 3896; x_wconf 79' lang='lat' dir='ltr'><strong>pag.</strong></span> <span class='ocrx_word' id='word_1_144' title='bbox 526 3833 571 3882; x_wconf 80' lang='lat'><strong>185</strong></span> <span class='ocrx_word' id='word_1_145' title='bbox 587 3848 608 3883; x_wconf 88' lang='lat' dir='ltr'><strong>a.</strong></span> 
     </span>
     <span class='ocr_line' id='line_1_24' title="bbox 242 3925 555 3996; baseline -0.01 -22"><span class='ocrx_word' id='word_1_146' title='bbox 242 3926 252 3954; x_wconf 74' lang='lat'>³</span> <span class='ocrx_word' id='word_1_147' title='bbox 280 3926 367 3996; x_wconf 29' lang='lat' dir='ltr'><strong>&#39;Supra</strong></span> <span class='ocrx_word' id='word_1_148' title='bbox 382 3939 437 3987; x_wconf 81' lang='lat' dir='ltr'><strong>pag.</strong></span> <span class='ocrx_word' id='word_1_149' title='bbox 455 3925 488 3972; x_wconf 83' lang='grc'><strong>34</strong></span> <span class='ocrx_word' id='word_1_150' title='bbox 503 3937 555 3987; x_wconf 87' lang='lat' dir='ltr'><strong>sqq.</strong></span> 
     </span>
     <span class='ocr_line' id='line_1_25' title="bbox 241 4009 1286 4077; baseline -0.01 -14"><span class='ocrx_word' id='word_1_151' title='bbox 241 4012 251 4043; x_wconf 84' lang='lat'>⁴</span> <span class='ocrx_word' id='word_1_152' title='bbox 285 4013 442 4077; x_wconf 72' lang='lat' dir='ltr'><strong>Quamquam</strong></span> <span class='ocrx_word' id='word_1_153' title='bbox 466 4013 511 4060; x_wconf 88' lang='lat' dir='ltr'><strong>hac</strong></span> <span class='ocrx_word' id='word_1_154' title='bbox 536 4012 642 4061; x_wconf 82' lang='lat' dir='ltr'><strong>dictione</strong></span> <span class='ocrx_word' id='word_1_155' title='bbox 668 4013 851 4076; x_wconf 83' lang='lat' dir='ltr'><strong>Aristophanes</strong></span> <span class='ocrx_word' id='word_1_156' title='bbox 876 4028 1003 4076; x_wconf 85' lang='lat' dir='ltr'><strong>nunquam</strong></span> <span class='ocrx_word' id='word_1_157' title='bbox 1026 4019 1063 4060; x_wconf 84' lang='lat' dir='ltr'><strong>cst</strong></span> <span class='ocrx_word' id='word_1_158' title='bbox 1084 4025 1157 4067; x_wconf 61' lang='lat' dir='ltr'><strong>cunm</strong></span> <span class='ocrx_word' id='word_1_159' title='bbox 1178 4009 1286 4057; x_wconf 81' lang='lat' dir='ltr'><strong>sednon</strong></span> 
     </span>
     <span class='ocr_line' id='line_1_26' title="bbox 206 4098 1288 4167; baseline -0.007 -15"><span class='ocrx_word' id='word_1_160' title='bbox 206 4111 246 4152; x_wconf 83' lang='lat' dir='ltr'><strong>est</strong></span> <span class='ocrx_word' id='word_1_161' title='bbox 262 4103 321 4162; x_wconf 87' lang='lat' dir='ltr'><strong>ulia,</strong></span> <span class='ocrx_word' id='word_1_162' title='bbox 338 4118 401 4167; x_wconf 88' lang='lat' dir='ltr'><strong>qnae</strong></span> <span class='ocrx_word' id='word_1_163' title='bbox 419 4102 518 4159; x_wconf 89' lang='lat' dir='ltr'><strong>vitium,</strong></span> <span class='ocrx_word' id='word_1_164' title='bbox 537 4101 611 4152; x_wconf 74' lang='lat' dir='ltr'><strong>toties</strong></span> <span class='ocrx_word' id='word_1_165' title='bbox 627 4103 658 4151; x_wconf 85' lang='lat' dir='ltr'><strong>ab</strong></span> <span class='ocrx_word' id='word_1_166' title='bbox 675 4118 703 4152; x_wconf 82' lang='lat' dir='ltr'><strong>eo</strong></span> <span class='ocrx_word' id='word_1_167' title='bbox 720 4103 883 4166; x_wconf 86' lang='lat' dir='ltr'><strong>increpitum,</strong></span> <span class='ocrx_word' id='word_1_168' title='bbox 901 4104 962 4152; x_wconf 85' lang='lat' dir='ltr'><strong>adcc</strong></span> <span class='ocrx_word' id='word_1_169' title='bbox 979 4104 1009 4151; x_wconf 82' lang='lat' dir='ltr'><strong>ad</strong></span> <span class='ocrx_word' id='word_1_170' title='bbox 1027 4115 1137 4164; x_wconf 80' lang='lat' dir='ltr'><strong>ungnem</strong></span> <span class='ocrx_word' id='word_1_171' title='bbox 1154 4098 1288 4162; x_wconf 82' lang='lat' dir='ltr'><strong>exprimat.</strong></span> 
     </span>
     <span class='ocr_line' id='line_1_27' title="bbox 243 4193 551 4250; baseline -0.003 -7"><span class='ocrx_word' id='word_1_172' title='bbox 243 4193 253 4222; x_wconf 83' lang='lat'>⁵</span> <span class='ocrx_word' id='word_1_173' title='bbox 286 4193 551 4250; x_wconf 76' lang='lat' dir='ltr'><strong>Rnn.vs.su,1520.</strong></span> 
     </span>
     <span class='ocr_line' id='line_1_28' title="bbox 243 4280 1059 4346; baseline -0.005 -14"><span class='ocrx_word' id='word_1_174' title='bbox 243 4280 253 4310; x_wconf 86' lang='lat'>⁶</span> <span class='ocrx_word' id='word_1_175' title='bbox 286 4282 437 4345; x_wconf 85' lang='lat' dir='ltr'><strong>Thesmoph.</strong></span> <span class='ocrx_word' id='word_1_176' title='bbox 456 4297 491 4331; x_wconf 88' lang='lat' dir='ltr'><strong>vs.</strong></span> <span class='ocrx_word' id='word_1_177' title='bbox 509 4283 541 4330; x_wconf 81' lang='lat'><strong>94</strong></span> <span class='ocrx_word' id='word_1_178' title='bbox 558 4283 726 4332; x_wconf 84' lang='lat' dir='ltr'><strong>Mnesilochus</strong></span> <span class='ocrx_word' id='word_1_179' title='bbox 743 4284 777 4331; x_wconf 86' lang='lat' dir='ltr'><strong>sic</strong></span> <span class='ocrx_word' id='word_1_180' title='bbox 794 4285 824 4332; x_wconf 88' lang='lat' dir='ltr'><strong>de</strong></span> <span class='ocrx_word' id='word_1_181' title='bbox 842 4297 867 4332; x_wconf 88' lang='lat' dir='ltr'><strong>so</strong></span> <span class='ocrx_word' id='word_1_182' title='bbox 885 4291 910 4331; x_wconf 88' lang='lat' dir='ltr'><strong>et</strong></span> <span class='ocrx_word' id='word_1_183' title='bbox 927 4283 1059 4346; x_wconf 84' lang='lat' dir='ltr'><strong>Euripide:</strong></span> 
     </span>
     <span class='ocr_line' id='line_1_29' title="bbox 436 4372 1017 4436; baseline -0.002 -15"><span class='ocrx_word' id='word_1_184' title='bbox 436 4375 481 4421; x_wconf 81' lang='grc' dir='ltr'><strong>τοῦ</strong></span> <span class='ocrx_word' id='word_1_185' title='bbox 499 4374 548 4436; x_wconf 80' lang='grc' dir='ltr'><strong>γὰρ</strong></span> <span class='ocrx_word' id='word_1_186' title='bbox 565 4372 694 4435; x_wconf 81' lang='grc' dir='ltr'>τεχνάζειν</span> <span class='ocrx_word' id='word_1_187' title='bbox 711 4373 828 4436; x_wconf 81' lang='grc' dir='ltr'>ἡμέτερος</span> <span class='ocrx_word' id='word_1_188' title='bbox 846 4373 858 4420; x_wconf 89' lang='grc' dir='ltr'><strong>ὁ</strong></span> <span class='ocrx_word' id='word_1_189' title='bbox 878 4376 1017 4436; x_wconf 76' lang='grc' dir='ltr'>πυραμοῦς.</span> 
     </span>
     <span class='ocr_line' id='line_1_30' title="bbox 209 4462 1286 4525; baseline -0.002 -16"><span class='ocrx_word' id='word_1_190' title='bbox 209 4463 237 4518; x_wconf 86' lang='lat' dir='ltr'><strong>(i.</strong></span> <span class='ocrx_word' id='word_1_191' title='bbox 256 4476 276 4510; x_wconf 92' lang='lat' dir='ltr'><strong>c.</strong></span> <span class='ocrx_word' id='word_1_192' title='bbox 295 4477 353 4512; x_wconf 84' lang='lat' dir='ltr'><strong>nuru</strong></span> <span class='ocrx_word' id='word_1_193' title='bbox 375 4465 404 4511; x_wconf 79' lang='lat' dir='ltr'><strong>irc</strong></span> <span class='ocrx_word' id='word_1_194' title='bbox 426 4465 567 4512; x_wconf 72' lang='lat' dir='ltr'><strong>conterritae</strong></span> <span class='ocrx_word' id='word_1_195' title='bbox 584 4463 719 4524; x_wconf 64' lang='lat' dir='ltr'><strong>trasennam</strong></span> <span class='ocrx_word' id='word_1_196' title='bbox 737 4466 895 4513; x_wconf 76' lang='lat' dir='ltr'><strong>trecentorum</strong></span> <span class='ocrx_word' id='word_1_197' title='bbox 916 4463 986 4512; x_wconf 79' lang='lat' dir='ltr'><strong>nobis</strong></span> <span class='ocrx_word' id='word_1_198' title='bbox 1002 4462 1108 4511; x_wconf 80' lang='lat' dir='ltr'><strong>debetur</strong></span> <span class='ocrx_word' id='word_1_199' title='bbox 1120 4464 1286 4525; x_wconf 73' lang='lat' dir='ltr'><strong>praeratum.)</strong></span> 
     </span>
    </p>
   </div>
   <div class='ocr_carea' id='block_1_7' title="bbox 0 0 1582 5198">
    <p class='ocr_par' dir='ltr' id='par_1_11' title="bbox 0 0 1582 5198">
     <span class='ocr_line' id='line_1_31' title="bbox 0 0 1582 5198; baseline 0 0"><span class='ocrx_word' id='word_1_200' title='bbox 0 0 1582 5198; x_wconf 95' lang='lat' dir='ltr'><strong> </strong></span> 
     </span>
    </p>
   </div>
  </div>
 </body>
</html>
