3154 5198
841 434 882 496 38

328 616 400 680 istis
423 615 552 680 insidiis
576 616 688 680 drama
713 617 846 682 careret!
886 616 950 681 Sed
971 621 1049 682 tuno
1071 617 1154 681 nihil
1179 618 1311 682 omnino
1335 624 1408 683 tra-

328 727 394 813 gici
420 727 560 809 inesset,
591 731 624 792 et
650 727 747 812 plane
772 727 1004 792 Menandream
1028 727 1174 794 fabulam
1199 729 1403 796 haberemus.

328 840 445 905 Nonne
470 863 511 906 ex
533 840 593 906 hoo
616 841 766 927 exemplo
780 841 900 926 liquet,
918 848 1039 926 quanto
1051 841 1230 928 elegantior
1243 844 1408 930 ejusmodi

328 953 423 1040 mulo·
439 953 568 1019 futurus
593 953 711 1019 fuisset
734 975 908 1039 germanus
931 957 1053 1039 equus?

373 1181 482 1260 Quum
498 1181 569 1265 jam
592 1180 634 1244 ad
657 1179 815 1266 longioris
839 1180 936 1265 hujus
947 1181 1063 1265 capitis
1075 1180 1176 1246 finem
1189 1184 1405 1266 pervenerim,

260 1326 264 1330 ·
329 1295 363 1359 in
395 1315 499 1379 pauca
531 1293 629 1357 verba
662 1293 745 1357 mihi
779 1293 876 1358 liceat
904 1292 1055 1378 colligere
1085 1295 1283 1359 sententiam
1305 1318 1405 1382 quam

330 1409 473 1495 exposui.
523 1406 695 1492 Euripides
717 1407 750 1472 in
779 1407 872 1493 poesi
890 1407 1018 1472 carebat
1039 1407 1195 1474 facultate
1221 1408 1404 1494 genetrice,

263 1543 265 1547 ’
330 1524 480 1608 idemque
511 1544 530 1586 a
561 1521 718 1607 religione
750 1522 900 1607 populari
923 1521 1099 1587 recedebat
1149 1520 1257 1601 Quum
1280 1528 1404 1603 autem,

330 1635 574 1722 quibuscunque
597 1637 637 1702 de
659 1636 784 1719 causis,
816 1635 1136 1726 advdramaturgiam
1158 1657 1192 1700 se
1206 1635 1404 1722 applicaret,

330 1749 387 1814 vix
414 1750 524 1835 potuit
550 1751 630 1837 quin
661 1750 815 1816 scriberet
844 1751 1045 1836 tragoedias,
1071 1749 1106 1813 in
1129 1750 1247 1836 quibus
1270 1771 1405 1834 compo-

331 1864 447 1930 nendis
470 1863 709 1949 quodammodo
731 1869 878 1929 coactum
901 1885 935 1928 se
947 1863 1031 1928 vidit
1043 1868 1082 1927 ut
1092 1862 1241 1948 vulgares
1254 1863 1294 1928 de
1305 1863 1403 1928 rebus

331 1978 451 2043 divinis
472 1976 641 2061 opiniones
669 1981 873 2063 sequeretur,
898 1981 1100 2062 repugnante
1124 1976 1251 2058 animo,
1276 1979 1309 2040 et
1327 1997 1404 2060 pro-

331 2091 421 2166 inde,
445 2113 511 2156 non
532 2090 614 2156 citra
638 2092 802 2174 fraudem,
828 2091 1010 2178 venditaret
1033 2112 1091 2176 pro
1111 2091 1196 2156 veris
1219 2112 1301 2176 quae
1319 2089 1405 2154 falsa

331 2227 401 2271 esse
435 2205 547 2284 sciret3
580 2205 614 2270 id
650 2206 738 2291 quod
769 2206 918 2290 operibus
951 2203 1021 2289 ejus
1052 2203 1257 2269 multimodis
1280 2201 1402 2268 nocuit.

332 2319 437 2399 Quare
460 2341 535 2386 cum
558 2319 779 2410 Aristophane
803 2318 963 2404 tragicum
988 2316 1082 2384 ἄθεον
1104 2318 1248 2404 graviter
1268 2316 1404 2400 culpan-

332 2433 410 2498 dum
433 2456 555 2500 censeo.

330 2643 482 2706 “Euripides
501 2641 593 2706 knlipft
611 2644 688 2690 daran
711 2642 816 2706 (mytho)
840 2643 888 2690 nott
902 2645 979 2704 putor
995 2639 1186 2689 dramattacbcr
1207 2640 1330 2704 Wrtnup
1348 2641 1405 2689 eine

332 2731 429 2782 “Reihe
455 2732 613 2786 sachsender
629 2731 854 2793 Verwicklnngem
871 2735 954 2779 zuerst
959 2766 1031 2787 .....
1048 2729 1120 2777 dana
1136 2727 1177 2777 die
1192 2729 1287 2792 grellen
1304 2730 1405 2780 Ueber-

333 2823 432 2884 “ginge
449 2836 507 2870 vom
523 2820 762 2871 leidenschaftlichen
780 2820 845 2868 Hass
862 2834 906 2868 zur
922 2822 1030 2883 tuamen
1047 2815 1140 2868 Liebe''
1158 2826 1204 2866 etc.
