3154 5198
845 394 887 454 22

331 577 467 644 sentiret
488 599 552 642 nou
574 579 682 661 palam
706 599 804 642 ausus
828 583 879 642 est
899 576 1082 657 ostendere,
1111 576 1167 640 sed
1185 576 1424 660 praeceptoris

331 692 546 776 Anaxagorae
557 691 743 756 calamitate
754 690 917 771 monitus,
931 688 1059 754 cautius
1070 710 1146 754 suas
1158 688 1198 753 de
1209 689 1305 753 rebus
1318 688 1424 752 divi-

332 804 383 869 nis
400 804 568 889 opiniones
581 803 713 884 velavit,
724 825 783 888 nec
796 804 860 869 nisi
872 802 986 867 furtim
996 807 1029 866 et
1039 823 1096 886 per
1104 802 1257 887 ambages
1265 801 1422 868 subinde

332 917 492 1003 expressit
503 917 523 981 ¹.
562 917 648 982 Deos
672 917 746 982 illos
769 937 850 1002 quos
872 915 1102 982 contemnebat
1113 921 1171 980 aut
1181 915 1296 980 saltem
1307 915 1421 999 plane

332 1029 424 1112 alios,
442 1049 539 1114 quam
551 1028 676 1094 solebat
688 1028 819 1114 vulgus,
832 1028 895 1093 sibi
907 1027 1087 1113 cogitabat,
1104 1028 1138 1091 in
1148 1026 1323 1112 tragoediis
1337 1026 1419 1091 suis

332 1142 427 1226 plane
453 1140 533 1205 tales
558 1140 707 1205 exhibuit
727 1139 839 1225 quales
856 1138 1021 1225 popularis
1034 1138 1417 1225 mythologiadepinge-

332 1255 389 1342 liat
399 1254 421 1317 ³.
448 1253 541 1318 Fecit
565 1253 665 1338 igitur
689 1253 722 1316 id
743 1252 829 1338 quod
842 1253 876 1316 in
889 1252 984 1317 rebus
996 1252 1186 1337 theologicis
1199 1273 1263 1316 non
1276 1251 1324 1317 ita
1335 1274 1417 1317 raro

333 1379 444 1436 nostra
475 1393 602 1456 quoque
634 1377 738 1436 aetate
769 1370 840 1435 fieri
863 1369 1029 1434 videmus:
1055 1391 1180 1434 servare
1204 1376 1238 1434 et
1261 1370 1415 1434 venerari

333 1484 503 1549 videbatur
537 1482 627 1564 aliis,
662 1489 696 1548 et
727 1483 789 1548 sibi
823 1483 886 1568 ipsi
921 1481 1077 1562 fortasse,
1102 1503 1184 1567 quae
1207 1503 1317 1547 revera
1340 1505 1413 1547 non

333 1598 424 1662 flocci
456 1597 635 1680 pendebat3
669 1604 702 1661 et
733 1597 793 1660 hac
817 1595 948 1680 quidem
972 1596 1007 1658 in
1031 1604 1140 1680 parte,
1170 1617 1245 1660 cum
1268 1597 1414 1662 caruerit

334 1711 471 1776 candore
506 1717 538 1775 et
575 1712 690 1775 falsam
726 1709 890 1794 quandam
927 1710 1067 1794 speciem
1097 1721 1173 1794 prae
1205 1732 1239 1775 se
1276 1711 1410 1792 tulerit,

335 1825 416 1888 mihi
445 1824 574 1889 videtur
605 1801 807 1909 culpandus,
839 1822 1045 1908 caeteroquin
1068 1823 1165 1890 facile
1188 1847 1228 1890 ex
1251 1824 1412 1889 hodierna

335 1936 500 2021 cogitandi
523 1936 648 2000 ratione
671 1935 889 2001 absolvendus
913 1936 1109 2020 impietatis,
1135 1936 1221 2022 quod
1242 1958 1306 2002 non
1326 1938 1409 2002 satis

335 2051 456 2120 veritus
489 2051 533 2115 sit
567 2051 778 2135 olympicolas
810 2049 973 2134 crudeles,
1006 2051 1165 2135 impuros,
1190 2053 1407 2136 impotenter,

337 2163 448 2248 quales
473 2187 492 2228 a
517 2165 649 2242 Graecis
674 2165 900 2229 adorabantur.

380 2278 513 2346 Etenim
536 2301 637 2364 quum
650 2301 778 2362 semper
788 2278 1001 2362 improbanda
1014 2278 1058 2344 sit
1073 2278 1131 2343 illa
1147 2279 1248 2344 animi
1264 2280 1409 2345 conditio

335 2413 399 2475 qua
421 2391 518 2456 homo
543 2391 622 2476 quid
645 2391 726 2455 velit
749 2397 782 2456 et
805 2412 868 2475 quo
892 2391 1006 2456 tendat
1029 2391 1140 2456 haeret
1164 2392 1323 2473 incertae,
1348 2415 1407 2458 cea

337 2504 441 2569 viator
464 2504 498 2568 in
523 2505 618 2568 trivio
642 2503 796 2568 dubitans
821 2525 885 2588 qua
908 2504 1024 2568 semita
1047 2503 1109 2568 eibi
1134 2505 1177 2569 sit
1195 2506 1406 2589 pergendum,

336 2625 407 2682 tum
441 2617 592 2709 Euripidi
628 2617 777 2702 inprimis
816 2617 996 2701 perniciosa
1026 2616 1107 2698 fnit,
1139 2624 1271 2702 propter
1303 2599 1405 2702 genus

336 2753 468 2815 poeseos
501 2732 587 2818 quod
615 2732 677 2797 sibi
703 2731 845 2816 elegerat
872 2730 1094 2795 excolendum.
1146 2729 1216 2795 Hoc
1240 2730 1406 2815 aliquanto

337 2845 467 2911 uberius
494 2835 658 2930 'exponere
690 2847 729 2910 ab
764 2849 956 2930 argumento
991 2844 1087 2928 hujus
1112 2843 1297 2926 scriptionis
1321 2843 1406 2907 haud

337 2959 479 3023 alienum
504 2959 595 3024 duco.
637 2958 764 3043 Quippe
789 2978 889 3042 quum
913 2957 1148 3041 Aristophanes
1162 2957 1404 3042 et‘impietatem

339 3071 504 3157 Euripidis
530 3079 564 3137 et
586 3073 655 3157 ejus
680 3072 840 3137 rationem
855 3071 1036 3156 tragoedias
1049 3070 1189 3134 faciendi
1203 3070 1403 3154 vituperarit,
1490 3101 1494 3110 ·

338 3205 402 3246 uon
426 3183 532 3248 audax
555 3185 636 3248 mihi
660 3185 788 3249 videtur
811 3183 1014 3268 conjectura,
1039 3183 1197 3248 comicum
1210 3183 1325 3265 illum,
1342 3204 1402 3246 non

338 3295 446 3360 ruinus
470 3297 633 3361 oculatum
658 3319 755 3382 quam
780 3295 927 3360 hodierni
946 3295 1194 3377 sunthornines,
1207 3295 1403 3380 perspexisse

340 3459 578 3471 ,ᾖ

350 3553 378 3622 ,1
413 3553 564 3616 “Euripides
589 3555 639 3602 und
662 3556 828 3620 Anaxagoras
846 3557 994 3620 verkniipfte
1011 3559 1054 3606 das
1072 3559 1144 3614 Band
1162 3558 1232 3606 einer
1249 3557 1402 3620 Philosophia

338 3642 451 3692 “welche
467 3643 581 3706 geiiohtet
598 3645 648 3692 und
668 3645 816 3694 schlichtern
833 3647 873 3694 ihr
889 3646 1047 3696 Gehaimuiss
1065 3661 1109 3695 vor
1126 3648 1183 3694 dem
1201 3646 1400 3710 argwdhnischon

336 3731 422 3780 “Vollr
440 3732 590 3781 bewahrte.''
608 3734 701 3782 Bernh.
719 3734 745 3783 ll.
764 3750 822 3798 pag.
840 3737 898 3785 401.

367 3821 376 3852 ²
411 3821 517 3870 Nullum
543 3813 655 3884 profecto
681 3823 763 3872 minus
780 3834 924 3875 reverenter
940 3843 1015 3890 quam
1033 3827 1169 3876 Herculem
1187 3828 1317 3884 tractavit,
1333 3841 1398 3890 quem

335 3913 360 3959 in
386 3911 515 3961 Alcestide
541 3912 689 3962 offendimus
714 3916 850 3965 voracitate
875 3917 999 3980 insignem
1025 3925 1050 3964 et
1067 3927 1121 3978 post
1137 3918 1223 3965 crebra
1240 3917 1329 3978 pocula
1339 3916 1399 3979 justo

336 4002 491 4060 hilariorem
518 4004 545 4051 in
570 4003 645 4067 Syleo
666 4019 764 4068 quoque
784 4008 906 4056 Hercules
924 4011 977 4065 τοῖς
994 4008 1089 4068 βοείοις
1106 4007 1193 4070 χλωρὰ
1211 4005 1263 4054 σῦκ’
1281 4003 1396 4064 ἐπήσθιεν,

336 4091 424 4154 dpoac'
443 4092 571 4154 ὑλακτῶν,
590 4094 641 4155 (vd.
660 4096 778 4158 Meyuelr.
796 4097 888 4146 Exere.
905 4096 973 4144 Phil.
991 4097 1004 4144 Ι
1022 4109 1079 4158 pag.
1097 4096 1131 4144 22
1147 4109 1192 4157 sq„
1204 4097 1235 4143 ad
1245 4095 1339 4145 Athen.
1353 4092 1399 4141 VII

335 4195 393 4242 pag.
415 4183 464 4233 276
482 4181 494 4228 f
502 4183 510 4244 )
528 4182 577 4232 Sed
594 4199 670 4246 quum
688 4185 797 4237 Alcestis
822 4186 877 4234 loco
895 4185 996 4248 satyrici
1013 4187 1069 4233 data
1086 4184 1118 4232 sit
1137 4184 1211 4245 (conf,
1230 4201 1304 4247 supra
1320 4185 1395 4234 adul

336 4268 367 4315 ad
393 4285 448 4332 pag.
473 4273 508 4333 5),
533 4271 621 4336 Syleiis
647 4288 705 4323 vero
730 4274 783 4324 sine
809 4275 885 4324 dubio
915 4276 1049 4338 satyricam
1074 4276 1163 4323 drama
1188 4273 1275 4332 fuerit,
1304 4273 1342 4321 hic
1356 4287 1397 4320 non

335 4358 421 4420 tragici
447 4373 552 4409 canones
578 4371 636 4416 sunt
657 4363 788 4411 adhibendi
815 4378 893 4427 noque
915 4365 944 4412 do
970 4367 1071 4412 deornm
1095 4371 1222 4414 contemtu
1238 4364 1343 4412 nimium
1358 4363 1396 4410 erit

293 4457 295 4462 ·
335 4449 503 4512 querendum.¹
