3150 5196
801 395 843 456 24

289 576 496 661 potissimum
528 577 624 644 debet
656 577 825 644 ostendere
863 577 1041 643 infortunia
1078 577 1217 642 virorum
1257 599 1365 663 neque

291 709 423 772 prorsus
446 689 618 771 malorum,
643 689 676 754 id
700 690 787 756 eninr
811 711 870 756 neo
886 688 1127 754 miserationem
1141 710 1198 754 nec
1211 687 1360 753 timorem

290 809 443 884 moveret,
478 824 581 888 neque
604 823 735 889 prorsus
759 802 917 868 bonorum
949 803 1132 886 (ἐπιεικῶν),
1166 801 1250 866 istuc
1273 801 1362 866 enim

291 914 442 979 horribile
485 916 630 1002 (μιαρὸν)
666 920 760 980 esset.
810 914 1002 980 Miseremur
1032 920 1141 980 antem
1175 917 1361 994 insontium,

289 1027 442 1092 timemus
477 1047 578 1112 quum
610 1026 783 1092 consimiles
814 1030 916 1092 nostri
944 1027 1032 1092 duris
1064 1026 1192 1092 casibus
1214 1027 1363 1091 videmus

291 1141 429 1206 exerceri
448 1141 466 1206 ¹.
508 1141 627 1205 Exitus
651 1139 780 1205 fabulae
804 1147 873 1206 asto
897 1139 1031 1222 infelix,
1057 1162 1121 1205 non
1145 1147 1274 1226 propter
1288 1162 1362 1225 per-

292 1253 479 1319 versitatem
504 1253 561 1318 sed
583 1259 715 1338 propter
737 1274 891 1339 magnam
916 1252 1080 1338 quandam
1101 1252 1231 1338 culpam
1249 1260 1271 1318 ².

336 1363 375 1429 In
408 1365 460 1430 his
491 1387 573 1451 quae
605 1366 779 1430 numinum
810 1365 967 1431 habeatur
997 1364 1080 1431 ratio
1103 1386 1168 1430 non
1192 1366 1365 1431 obscurum

292 1486 351 1544 est.
379 1478 546 1544 Miseratio
570 1479 672 1544 oritur
685 1480 809 1582 'quum³
820 1478 967 1544 videmus
990 1478 1137 1544 homines
1164 1479 1277 1562 bonos,
1294 1501 1365 1543 ma-

291 1612 390 1675 gnos,
431 1590 610 1656 laudabiles
645 1584 887 1656 calainitatibus
925 1592 1025 1657 obrui.
1075 1591 1110 1658 Si
1134 1599 1243 1658 autem
1267 1593 1364 1678 plane

293 1703 423 1768 innocui
447 1708 557 1768 essent
579 1711 613 1769 et
635 1704 757 1790 absque
779 1704 869 1800 omni
893 1726 952 1769 sua
975 1705 1070 1790 culpa
1094 1712 1161 1770 tarn
1177 1705 1284 1770 tristia
1296 1705 1366 1770 fata

294 1821 493 1900 paterentur,
527 1837 789 1882 succenseremus
804 1791 883 1882 hiis
917 1823 975 1883 aut
1007 1819 1116 1884 nullos
1151 1813 1231 1884 esse
1253 1830 1368 1904 putare

295 1927 559 1994 sollicitaremur:
599 1936 770 2015 propterea
810 1930 921 1998 hdroes
965 1931 1032 1996 sint
1065 1931 1175 2018 aliqua
1203 1954 1243 1998 ex
1276 1941 1368 2018 parte

295 2047 414 2108 sontea
459 2043 558 2108 Porro
589 2044 793 2109 recordemur
823 2065 952 2110 necesse
975 2050 1038 2127 est,
1063 2044 1176 2110 eadem
1202 2046 1252 2111 vel
1276 2046 1369 2111 simi-

298 2157 344 2222 lia
374 2156 554 2224 infortunia
584 2157 678 2223 nobis
703 2179 830 2243 quoque
852 2179 948 2242 posse
970 2159 1132 2237 accidere,
1157 2182 1231 2225 cnm
1255 2160 1370 2245 stipsi

299 2251 401 2336 simus
431 2269 595 2352 homines,
627 2290 766 2355 cumque
789 2270 978 2356 praesertim
1003 2293 1098 2336 nemo
1121 2273 1162 2337 ab
1186 2273 1275 2338 omni
1297 2272 1371 2338 labe

301 2405 335 2448 se
368 2404 484 2468 purum
519 2382 608 2447 sciat.
658 2382 789 2448 Similes
823 2382 925 2469 igitur
947 2385 1070 2469 nostri,
1098 2385 1161 2452 etsi
1184 2387 1277 2452 uobis
1301 2408 1372 2451 ma·

295 2497 402 2582 jores,
436 2497 514 2561 dum
549 2496 582 2561 in
618 2518 714 2563 scena
746 2497 894 2563 videmus
926 2498 1022 2564 malis
1055 2500 1174 2585 affligi,
1211 2502 1372 2567 sentimus

300 2615 426 2676 mutato
457 2608 589 2674 nomine
620 2610 659 2674 de
686 2610 779 2676 nobis
803 2611 1042 2697 quodammodo
1066 2614 1189 2678 narrari
1212 2614 1370 2694 fabulam3

264 2703 265 2706 Ἴ
300 2724 425 2788 timor³
448 2720 608 2788 excitatur
631 2746 671 2788 ne
695 2724 807 2789 eadem
831 2725 970 2810 quaein
995 2727 1087 2808 illos,
1113 2727 1144 2792 in
1171 2749 1229 2793 nos
1245 2749 1374 2814 quoque

301 2835 447 2901 saeviant
478 2836 630 2914 numina3
655 2859 753 2923 quam
777 2839 888 2924 exigui
910 2839 1012 2905 simus
1037 2840 1212 2925 discimus,
1238 2865 1258 2906 a
1280 2843 1374 2907 theo-

301 2950 426 3015 machia
458 2949 671 3033 deterremur,
697 2960 734 3016 ut
758 2952 839 3017 vitia
862 2959 973 3018 nostra
996 2955 1194 3040 corrigamus
1217 2957 1375 3022 admone-

301 3084 384 3145 mur,
409 3070 441 3130 et
465 3063 512 3130 sio
534 3065 576 3129 ad
598 3064 769 3130 hominurn
792 3067 1051 3132 emendationem
1074 3067 1213 3134 multum
1231 3070 1376 3137 conferre

300 3200 395 3262 posse
418 3181 636 3265 tragoediam,
662 3181 785 3267 liquido
808 3188 908 3267 patet.

348 3291 410 3356 Sed
443 3294 471 3358 si
500 3295 636 3359 numina
666 3296 780 3378 tollas,
816 3297 844 3362 si
870 3295 1015 3383 Olympii
1038 3299 1072 3362 in
1099 3299 1201 3364 nubes
1225 3305 1257 3365 et
1280 3321 1377 3364 auras

304 3411 499 3470 evanescant
524 3406 576 3470 vel
600 3406 641 3471 ad
665 3429 767 3473 meras
791 3409 939 3476 notiones
961 3410 1202 3496 philosophicas
1225 3412 1378 3498 redigan-

304 3522 367 3598 tur,
408 3539 511 3603 neque
539 3519 609 3604 jam
639 3543 737 3605 supra
770 3522 918 3589 homines
950 3531 1040 3590 extet
1074 3533 1218 3611 potestas
1250 3533 1380 3612 praeter

305 3651 430 3695 caecam
453 3631 618 3698 fortunam
642 3633 693 3699 vel
717 3634 853 3700 ferream
879 3638 1124 3722 necessitatem,
1147 3640 1180 3704 in
1204 3641 1378 3725 propatulo

337 3915 345 3946 ¹
380 3915 453 3966 Poet.
467 3917 507 3966 13:
525 3917 538 3964 ὁ
547 3919 593 3982 μὲν
601 3920 650 3983 γὰρ
660 3919 737 3981 (ἔλεος
746 3919 873 3984 nimirum)
883 3921 939 3986 περὶ
950 3924 997 3972 τὸν
1005 3923 1110 3980 ἀνάξιόν
1119 3925 1186 3974 ἐστιν
1195 3925 1381 3988 δυστυχοῦντα,

304 4005 358 4054 ddi
376 4005 476 4070 (nempe
493 4005 585 4071 φόβος)
604 4009 657 4072 περὶ
676 4010 722 4058 τὸν
739 4009 835 4073 ὅμοιον.

337 4093 348 4124 ²
380 4095 445 4144 Ibld.
462 4095 502 4160 μὴ
515 4096 556 4146 διὰ
573 4097 714 4162 μοχθηρίαν
731 4097 800 4147 ἀλλὰ
818 4097 847 4147 δι’
865 4099 995 4164 ἁμαρτίαν
1010 4103 1131 4166 μεγάλην.

337 4183 347 4212 ·”
380 4182 444 4233 Cum
471 4187 561 4234 tlurore
586 4185 675 4249 (oreas)
700 4202 751 4236 non
776 4187 964 4238 confundendus
991 4197 1027 4238 est
1054 4196 1138 4239 terror
1160 4192 1280 4255 (aehrilr);
1297 4201 1382 4242 terror

306 4271 372 4320 enim
390 4287 439 4321 nou
456 4274 569 4323 diversus
586 4284 623 4324 est
639 4291 654 4324 a
670 4275 840 4326 misericordia
856 4293 930 4340 quam
948 4293 1009 4342 erga
1026 4279 1086 4328 ahos
1103 4281 1230 4340 sentimus,
1248 4282 1274 4330 in
1292 4282 1384 4332 timore

307 4376 367 4410 vero
392 4377 436 4411 nos
460 4363 527 4426 ipsos
551 4365 707 4427 respicimus,
733 4375 761 4414 ut
778 4365 906 4415 verissime
924 4369 1064 4430 expositum
1082 4385 1097 4418 a
1114 4371 1245 4435 Lessingio
1261 4372 1287 4420 iu
1305 4387 1384 4436 opera

308 4453 381 4501 ruodo
398 4451 504 4503 laudato.
