3150 5194
849 370 910 430 102
996 407 998 412 ,

338 551 465 616 videtur
499 573 603 616 creare
641 551 824 618 molestiam
859 573 997 637 persona
1019 573 1100 638 quae
1124 553 1258 618 recitato
1281 553 1413 639 prologo

339 686 404 730 non
427 665 569 750 amplius
592 672 743 751 apparet,
767 671 806 731 ut
829 665 864 733 iu
890 665 1025 732 Hecuba
1047 665 1158 731 anima
1176 666 1335 750 Polydori.
1375 737 1378 740 ,

383 778 580 864 Magnopero
613 777 731 861 miror,
771 784 821 844 tot
851 779 1002 864 prologos
1036 780 1126 844 omni
1148 786 1217 846 arte
1242 780 1413 872 destitutos

339 899 373 956 et
395 911 497 975 paene
517 889 660 956 insulsos
683 891 724 955 ab
742 890 899 976 Euripide
914 912 984 956 esse
998 890 1173 976 confectos,
1193 914 1295 979 quum
1306 899 1413 960 tamen

336 1023 402 1067 non
426 1002 565 1069 nesciret
586 1003 747 1088 quomodo
768 1009 948 1089 opportune
964 1011 997 1070 et
1017 1004 1259 1090 simpliciterea
1275 1006 1412 1072 enarrari

337 1123 472 1201 possent
492 1137 575 1202 quae
599 1116 801 1184 innotescere
818 1117 973 1184 deberent
987 1120 1229 1204 spectantibus3
1250 1127 1290 1186 ut
1308 1130 1413 1186 osten-

339 1229 428 1294 ditur
460 1228 558 1295 initio
585 1229 718 1296 Medeae
739 1237 772 1296 et
795 1253 872 1316 prae
894 1232 1027 1298 caeteris
1051 1232 1182 1320 egregio
1206 1233 1264 1298 illo
1288 1233 1414 1318 dialogo

338 1343 425 1410 unde
458 1342 576 1428 incipit
604 1343 777 1429 Iphigenia
799 1344 989 1412 Aulidensis
1008 1348 1028 1410 ¹.
1058 1344 1125 1420 Our
1145 1351 1241 1431 poeta
1265 1368 1415 1432 persaepe

338 1457 490 1522 maluerit
520 1456 639 1542 frigide
671 1470 704 1522 et
729 1458 834 1543 rigide
865 1481 962 1545 quam
989 1459 1105 1526 leniter
1125 1467 1159 1526 et
1181 1467 1317 1526 naturae
1341 1481 1414 1524 con·

266 1611 268 1616 ,
338 1569 504 1636 venienier
535 1571 570 1634 in
607 1571 737 1637 fabulae
776 1580 1005 1657 argumentum
1028 1572 1179 1639 inducere
1201 1580 1414 1659 spectatores,

338 1706 404 1750 non
433 1681 529 1748 facile
563 1682 624 1748 tibi
656 1682 887 1768 explicaverim
924 1683 981 1750 sed
1014 1707 1054 1750 ne
1089 1685 1255 1771 Lessingii'
1286 1684 1415 1771 quidem

338 1794 513 1862 auctoritas
550 1816 602 1860 me
636 1803 746 1861 movet
778 1803 816 1862 ut
855 1818 930 1861 eum
952 1796 986 1861 in
1013 1796 1160 1882 prologis
1180 1797 1315 1882 “ipsum
1338 1797 1415 1862 artis

339 1908 531 1995 fastigium’'
558 1908 709 1993 attigisse
732 1908 879 1985 eredam3
903 1908 1004 1973 immo
1027 1909 1074 1976 sio
1097 1909 1230 1974 mallem
1254 1914 1412 1991 statuere,

338 2022 490 2108 prologos
522 2019 604 2085 utile
636 2031 669 2099 et
699 2042 764 2086 uon
789 2021 905 2086 infelix
924 2021 1025 2088 fuisse
1042 2021 1210 2107 Euripidis
1229 2022 1414 2104 inventum,

339 2134 396 2200 sed
430 2133 464 2198 in
499 2133 540 2198 iis
575 2134 808 2219 componendis
846 2134 1020 2220 dupliciter
1055 2157 1128 2202 eum
1163 2136 1294 2221 lapsum
1325 2159 1413 2220 esse,

337 2247 443 2333 primo
468 2245 607 2312 nimium
631 2247 738 2312 locum
761 2246 903 2312 cedendo
929 2246 1014 2330 diis,
1040 2247 1157 2314 deinde
1181 2249 1280 2314 nimis
1308 2249 1414 2316 indul·

337 2359 445 2446 gendo
478 2357 632 2444 loquendi
674 2357 805 2423 libidini
819 2362 843 2442 ²,
873 2379 937 2445 quo
969 2360 1090 2426 factum
1123 2367 1161 2426 ut
1197 2360 1267 2446 ejus
1306 2363 1415 2428 heroes

338 2473 551 2557 heroinaeque
580 2471 650 2557 jam
683 2472 839 2538 dramatis
872 2472 967 2538 initio
993 2473 1108 2560 longas
1132 2474 1293 2541 orationes
1320 2477 1415 2542 edant

339 2607 413 2651 cum
444 2587 577 2652 caeteris
605 2584 735 2652 fabulae
757 2588 903 2672 partibus
925 2587 1022 2673 plane
1051 2589 1115 2652 nori
1138 2588 1363 2668 cohaerentes,
1384 2597 1416 2654 et

339 2707 408 2765 tam
439 2700 555 2776 misere
582 2699 717 2784 frigidas
749 2706 787 2765 ut
809 2699 902 2784 pejus
926 2708 1086 2786 nequeat,
1108 2707 1209 2786 utque
1232 2702 1415 2788 Theognide

339 2811 397 2876 illo
432 2811 484 2877 oui
518 2811 612 2876 Nivis
643 2811 786 2903 inditum
820 2821 1028 2896 cognomen³
1058 2814 1222 2900 digniores
1246 2815 1416 2882 videantur

341 2939 438 3010 quam
472 2926 567 3010 poetd
600 2946 696 3011 quem
717 2926 913 2992 Aristoteles
938 2927 1118 3011 appellavit
1144 2930 1378 3014 τραγικώτατον
1393 2931 1414 2991 ⁴.
1455 2966 1458 2970 ’

385 3037 433 3103 Ut
465 3037 603 3124 denique
639 3038 851 3124 respondeam
886 3039 927 3103 ad
962 3039 1045 3104 illud
1080 3039 1205 3105 dietum
1234 3039 1414 3128 Lessingii:

343 3155 406 3218 “ne
429 3175 523 3239 aegre
545 3153 656 3220 feratis
680 3160 794 3238 poetae
818 3153 933 3220 vitium
951 3193 988 3203 ἡ
1003 3155 1033 3220 si
1054 3155 1151 3220 modo
1172 3155 1292 3220 vitium
1308 3191 1353 3202 -—
1366 3153 1415 3220 cui

371 3365 379 3398 ¹
400 3365 560 3429 Mnsgrnuius
583 3366 717 3429 suspicatus
741 3375 779 3414 est
804 3379 891 3414 verum
916 3366 1046 3429 prologum
1072 3365 1171 3416 fabulas
1186 3367 1306 3428 temporis
1326 3365 1416 3428 injuria

340 3455 451 3519 periisse.
484 3453 557 3514 Quod
580 3455 601 3504 si
626 3455 661 3503 ita
684 3462 762 3512 esset,
789 3453 885 3502 felicem
905 3454 1029 3516 jacturam
1052 3454 1228 3505 existimarem.
1256 3457 1372 3506 Bromius
1393 3463 1416 3503 st

341 3543 465 3594 Matthiae
480 3524 579 3592 initium
595 3541 669 3607 hujus
685 3545 835 3607 tragoedias,
851 3546 1014 3608 conscriptum
1029 3545 1139 3595 versibus
1151 3547 1322 3609 anapaesticis,
1335 3547 1416 3596 subdi·

340 3634 426 3684 tioium
450 3641 608 3691 censuerunt,
626 3634 658 3685 G.
675 3634 831 3684 Hermannus
849 3648 910 3683 vero
929 3641 1015 3683 eontra
1036 3634 1092 3685 illos
1107 3636 1231 3686 disserens
1249 3636 1318 3699 (pag.
1333 3639 1351 3686 8
1367 3651 1416 3700 sqq.

341 3725 454 3788 prolegg.
472 3737 530 3772 suae
547 3723 668 3786 editionis)
686 3722 748 3772 mihi
764 3723 863 3786 quidem
880 3723 953 3785 plane
975 3725 1119 3786 persuadet,
1140 3727 1194 3774 sine
1210 3740 1285 3775 causa
1302 3726 1416 3791 Euripidi

341 3815 484 3879 abjudicari.
518 3814 660 3862 Dindoriius
677 3815 812 3876 genuinum
829 3828 882 3862 esse
898 3815 1028 3863 exordium
1047 3818 1238 3879 anapaesticum,
1256 3817 1328 3880 eique
1346 3817 1416 3867 Euri·

341 3905 422 3968 pidem
448 3882 567 3951 minorem
593 3901 723 3964 subjecisse
745 3902 851 3951 alterum
877 3903 1008 3952 iambicum
1033 3911 1111 3966 putat.
1135 3931 1166 3940 -
1184 3904 1278 3953 Durius
1295 3906 1326 3952 de
1343 3904 1415 3966 hujus

341 3993 459 4042 dramatis
475 3992 629 4054 expositione
645 3992 814 4042 Bernhardius
831 3991 865 4040 l.l.
883 4007 940 4056 pag.
959 3993 1008 4044 472
1021 3991 1151 4055 judicavit.

375 4081 445 4130 2Ἑν
462 4085 516 4138 τοῖς
533 4080 669 4145 προλόγοις
684 4081 796 4144 ὀχληρὸν
813 4095 870 4128 enm
888 4081 984 4130 vocavit
1003 4087 1088 4129 acutus
1104 4079 1147 4130 ille
1164 4081 1261 4130 criticus
1270 4095 1414 4144 anonymus,

342 4174 409 4236 eujus
426 4171 500 4218 breve
516 4176 584 4218 extat
596 4167 717 4231 judicium
733 4169 765 4216 de
784 4166 901 4234 Euripide
923 4170 948 4217 in
965 4169 1059 4233 proleg.
1076 4169 1190 4220 Dindori.
1206 4170 1262 4228 111,
1280 4172 1371 4220 merito
1386 4170 1414 4219 ab

344 4262 390 4311 hoc
406 4261 500 4310 editore
516 4255 647 4306 laudatum.

376 4350 386 4381 ³
403 4347 484 4398 Schol.
501 4348 532 4394 sd
549 4347 627 4396 Arist.
644 4347 775 4409 Vesp.·vs.
796 4349 833 4395 ll.

376 4439 385 4470 ⁴
403 4437 509 4489 Aristot.
525 4446 589 4500 poet.
609 4436 646 4485 13.
