3154 5198
811 391 852 450 56

346 578 473 642 Mnesil.
524 577 594 656 Quo
617 578 850 639 oneratione?

345 693 437 766 Eur„
523 689 612 753 Hono
643 697 716 752 tuno
747 693 792 752 itu
810 687 909 772 serere
932 687 1088 752 distincto.
1137 687 1222 750 Nune
1244 695 1279 751 ut
1297 691 1373 772 pri-

519 824 600 868 unum
632 806 756 866 secessit
782 801 898 866 Aetion
925 812 953 866 d
976 804 1149 866 animantes
1171 809 1254 864 motu
1270 823 1373 886 proe-

521 921 601 981 ditos
624 920 657 980 in
675 936 709 980 se
717 920 906 1000 procreauit,
923 919 976 1001 qui
987 918 1067 980 uisui
1078 916 1373 980 irueroirotoenlurn

508 1029 611 1113 finiuit
639 1032 796 1113 primurn,
828 1029 968 1115 exemplo
998 1037 1096 1092 sunto
1127 1025 1166 1091 od
1188 1026 1258 1092 orbo
1279 1028 1372 1109 solis,

519 1163 613 1208 aures
636 1162 705 1206 uero
722 1121 904 1226 perforoud
926 1141 971 1206 od
994 1145 1096 1205 inston
1120 1139 1310 1226 infundibuli
1325 1142 1345 1204 ¹.

345 1256 473 1322 Mnesil.
521 1257 649 1342 Enpono
685 1253 916 1340 diffundibuium
953 1257 985 1330 in
1019 1275 1116 1320 conso
1150 1263 1197 1319 est
1230 1275 1287 1318 eur
1319 1275 1374 1340 epo

520 1390 614 1454 nequo
636 1366 765 1434 oudion
788 1389 882 1453 nequo
904 1367 1045 1434 uideam?
1091 1365 1242 1452 Profecto
1252 1365 1375 1454 puudoo

521 1504 568 1547 nne
590 1482 644 1547 iou
667 1486 738 1547 noui
759 1481 959 1548 addidicisse.
1012 1482 1052 1545 [n
1069 1481 1202 1566 prodest
1224 1500 1293 1544 oum
1318 1500 1373 1544 so-

514 1594 674 1680 pientibus
696 1595 884 1659 consuetudo
898 1597 931 1657 ³!

346 1710 422 1774 Eur.
516 1707 642 1774 Similia
663 1707 712 1773 uu
735 1706 834 1771 multo
856 1729 877 1770 o
899 1729 946 1772 nso
964 1711 1071 1792 possis
1094 1707 1220 1772 duone.

346 1824 385 1888 ln
410 1822 511 1886 Reuis
536 1841 662 1907 quoque
685 1820 866 1905 complures
884 1827 962 1884 sunt
977 1820 1040 1885 looi
1051 1820 1107 1885 ubi
1120 1819 1286 1905 Euripidis
1302 1825 1375 1884 stu-

301 1939 392 2002 dium
422 1937 599 2021 sapientiue
623 1942 893 2001 commemoratur
916 1934 966 2000 vel
991 1934 1163 2000 deridetur.
1212 1934 1264 2001 sic
1289 1933 1372 1999 Run.

303 2075 349 2116 vs.
379 2055 462 2114 1413
488 2050 671 2134 Dionysus:

421 2165 553 2244 τὸνμὲν
574 2162 637 2248 γὰρ
661 2163 795 2246 ἡγοῦμαι
819 2164 932 2247 σοφόν,
955 2166 1007 2248 τῷ,
1021 2159 1047 2228 δ’
1068 2161 1187 2246 ἥδομαι·

302 2276 358 2340 ubi
390 2274 557 2339 verissime
587 2273 816 2357 Aristarohus,
845 2279 928 2339 terte
961 2274 1075 2358 schol„
1099 2275 1240 2361 priorem
1262 2296 1377 2340 versus

300 2396 425 2474 purtem
457 2388 497 2452 de
530 2386 703 2471 Euripide,
736 2386 872 2451 alierum
903 2387 943 2453 de
975 2388 1137 2471 Aeschylo
1169 2389 1311 2475 eooepii3
1343 2399 1378 2454 et

300 2525 346 2566 vs.
376 2504 460 2566 1434
485 2500 525 2565 de
548 2499 664 2565 iisdem
688 2499 792 2564 idem:

423 2621 440 2680 ὁ
461 2620 516 2697 μὲν
537 2622 647 2701 σοφῶς
671 2615 734 2700 γὰρ
758 2614 852 2686 εἶπεν,
876 2619 893 2680 ὁ
914 2612 940 2681 δ’
962 2618 1068 2703 ’ἕτερος
1088 2623 1207 2703 σαφῶς.

303 2723 424 2807 Lepide
447 2740 574 2805 quoque
597 2740 642 2783 vs.
668 2720 771 2782 1445:

424 2831 634 2918 ἀμαθέστερόν
656 2859 725 2907 πως
747 2836 807 2896 εἰπὲ
830 2837 877 2897 καὶ
900 2837 1091 2920 σαφέστερον

305 2940 483 3026 compellat
505 2938 598 3003 illum
625 2937 723 3022 nimis
746 2937 877 3002 doctum
899 2944 1047 3022 poetam,
1065 2946 1197 3027 tamque
1213 2943 1382 3028 sapienter

342 3107 521 3117 ...—

336 3200 343 3231 ¹
377 3201 466 3263 Aegro
483 3197 566 3246 versui
587 3197 683 3246 1811011
699 3203 759 3258 puto
776 3195 898 3246 medelum
916 3210 970 3247 esse
979 3197 1081 3247 sllstem
1092 3200 1380 3256 emendationelteiskii‚

303 3304 377 3352 quern
401 3285 546 3337 Dindorfius
563 3284 645 3335 textui
662 3285 776 3344 inseruit,
793 3283 865 3344 δίκην
880 3300 927 3349 pro
944 3286 1026 3347 ἀκοὴν
1042 3286 1157 3352 legentis.
1191 3289 1381 3341 Infundibulum

303 3379 365 3427 illud
381 3377 471 3428 vellem
486 3375 576 3439 uliquis
592 3373 659 3424 felici
675 3373 819 3437 conjecture
834 3374 892 3425 hine
908 3375 1029 3441 abigeret.

337 3467 347 3498 ²
381 3465 446 3515 Sunt
472 3467 514 3529 qui
539 3464 580 3515 bio
605 3464 682 3511 alludi
708 3465 852 3512 existiment
875 3467 905 3513 ed
923 3480 1023 3515 versum
1040 3482 1113 3530 quem
1131 3468 1203 3519 Pluto
1220 3470 1282 3534 Rep.
1300 3471 1393 3530 vm„

304 3573 361 3621 pag.
377 3556 428 3604 568
444 3563 473 3604 ut
489 3553 652 3617 Euripideum
663 3554 735 3610 uitet,
745 3567 823 3615 quum
831 3553 873 3601 elii
881 3554 1016 3620 attribuant
1025 3557 1157 3621 Sophoeli:
1175 3560 1249 3624 nopai
1258 3560 1395 3624 τύραννοι·

244 3635 246 3640 ⁸
305 3651 357 3694 τῶν
381 3648 467 3708 σοφῶν
492 3644 623 3708 συνουσίᾳ.
655 3643 716 3692 Vidi
741 3643 938 3693 dissertationem
962 3647 1026 3695 doct.
1044 3648 1077 3698 Α.
1095 3649 1188 3699 'Proeee
1206 3650 1297 3712 (Lugd.
1315 3649 1379 3699 Bet.

308 3733 392 3794 1854),
408 3732 452 3796 qui
467 3740 539 3795 putet
555 3746 612 3795 pag.
629 3733 652 3789 6,
671 3731 816 3794 Euripidem
833 3732 899 3781 hune
915 3747 1016 3784 versum
1029 3721 1197 3786 '“suffurntum
1215 3753 1270 3788 esse
1286 3737 1383 3801 Sopho·

305 3821 350 3878 cli,
368 3822 438 3883 idque
454 3822 476 3869 ei
494 3820 520 3869 h.
535 3820 552 3868 1.
569 3820 631 3868 ssise
648 3819 679 3867 ab
696 3819 867 3882 Aristophane
883 3823 1041 3885 exprobrari·
1059 3851 1090 3860 —
1107 3828 1172 3888 quod
1190 3826 1304 3889 equidem
1316 3827 1383 3876 mul·

305 3912 336 3960 tis
361 3912 391 3960 de
416 3909 496 3958 oensis
521 3923 608 3970 perum
634 3908 768 3966 verisimile
793 3912 867 3968 duco,
891 3925 971 3975 neque
987 3913 1044 3962 salsi
1060 3915 1192 3978 quicquum
1209 3915 1249 3964 hie
1265 3918 1384 3979 detegere

305 4013 411 4062 possum.

338 4091 370 4138 In
393 4088 437 4136 illo
462 4087 557 4144 libello,
578 4088 700 4151 judicium
724 4089 902 4153 Aristophanis
923 4093 954 4140 de
976 4091 1100 4155 plerisque
1125 4077 1220 4144 civibus
1240 4095 1385 4158 aequalibus

305 4180 452 4238 exhibente,
477 4181 620 4229 brevissime
644 4194 688 4242 pro
713 4193 758 4228 suo
782 4181 897 4240 conulio,
926 4183 968 4231 sed
999 4197 1049 4232 non
1078 4184 1155 4241 mule,
1183 4185 1297 4247 exposuit
1315 4186 1384 4232 scri·

305 4280 361 4333 ptor
378 4284 438 4334 quse
455 4271 485 4318 de
502 4270 622 4332 Euripide
640 4269 713 4320 hebet
729 4271 844 4320 comicus.
872 4272 961 4336 Longe
979 4287 1035 4323 eum
1053 4283 1136 4324 tamen
1152 4288 1255 4339 superet
1271 4277 1300 4324 T.
1319 4275 1381 4324 Hei-

306 4361 413 4408 bertsmu
437 4360 463 4407 in
487 4374 561 4422 opere
578 4359 689 4422 ἡμιτελεῖ
705 4358 770 4420 quod
788 4359 832 4406 sub
849 4359 922 4408 titulo
939 4363 1163 4426 prosopogrephise
1182 4364 1383 4426 Aristophaneee

262 4512 265 4517 Ι
304 4465 369 4500 enno
386 4457 441 4512 post
457 4449 556 4511 prodiit,
573 4449 649 4498 bonae
668 4448 743 4510 frugis
760 4448 868 4510 pienum.
1350 4455 1352 4460 '
