<?xml version="1.0" encoding="UTF-8"?>
<!DOCTYPE html PUBLIC "-//W3C//DTD XHTML 1.0 Transitional//EN"
    "http://www.w3.org/TR/xhtml1/DTD/xhtml1-transitional.dtd">
<html xmlns="http://www.w3.org/1999/xhtml" xml:lang="en" lang="en">
 <head>
  <title>
</title>
<meta http-equiv="Content-Type" content="text/html;charset=utf-8" />
  <meta name='ocr-system' content='tesseract 3.04.00' />
  <meta name='ocr-capabilities' content='ocr_page ocr_carea ocr_par ocr_line ocrx_word'/>
</head>
<body>
  <div class='ocr_page' id='page_1' title='image "./specimenliterar02leeugoog_0143.png"; bbox 0 0 3180 5196; ppageno 0'>
   <div class='ocr_carea' id='block_1_1' title="bbox 806 383 868 445">
    <p class='ocr_par' dir='ltr' id='par_1_1' title="bbox 806 383 868 445">
     <span class='ocr_line' id='line_1_1' title="bbox 806 383 868 445; baseline 0.016 -1"><span class='ocrx_word' id='word_1_1' title='bbox 806 383 868 445; x_wconf 87' lang='grc'>128</span> 
     </span>
    </p>
   </div>
   <div class='ocr_carea' id='block_1_2' title="bbox 301 563 1384 646">
    <p class='ocr_par' dir='ltr' id='par_1_2' title="bbox 301 563 1384 646">
     <span class='ocr_line' id='line_1_2' title="bbox 301 563 1384 646; baseline 0.006 -23"><span class='ocrx_word' id='word_1_2' title='bbox 301 563 453 642; x_wconf 88' lang='lat' dir='ltr'>Euripidis</span> <span class='ocrx_word' id='word_1_3' title='bbox 473 565 624 644; x_wconf 80' lang='lat' dir='ltr'>tragoedia</span> <span class='ocrx_word' id='word_1_4' title='bbox 645 565 803 646; x_wconf 83' lang='lat' dir='ltr'>(Telepho)</span> <span class='ocrx_word' id='word_1_5' title='bbox 825 567 933 626; x_wconf 82' lang='lat' dir='ltr'>lectum</span> <span class='ocrx_word' id='word_1_6' title='bbox 955 567 1057 640; x_wconf 86' lang='lat' dir='ltr'>fuisse,</span> <span class='ocrx_word' id='word_1_7' title='bbox 1075 573 1110 627; x_wconf 86' lang='lat' dir='ltr'>ut</span> <span class='ocrx_word' id='word_1_8' title='bbox 1126 568 1215 628; x_wconf 91' lang='lat' dir='ltr'>etiam</span> <span class='ocrx_word' id='word_1_9' title='bbox 1229 569 1384 629; x_wconf 75' lang='lat' dir='ltr'>scholari</span> 
     </span>
    </p>
   </div>
   <div class='ocr_carea' id='block_1_3' title="bbox 301 657 1322 838">
    <p class='ocr_par' dir='ltr' id='par_1_3' title="bbox 301 657 1322 838">
     <span class='ocr_line' id='line_1_3' title="bbox 301 657 1322 742; baseline 0.007 -25"><span class='ocrx_word' id='word_1_10' title='bbox 301 657 423 718; x_wconf 82' lang='lat' dir='ltr'><strong>Plutum</strong></span> <span class='ocrx_word' id='word_1_11' title='bbox 445 659 544 720; x_wconf 79' lang='lat' dir='ltr'><strong>tradit.</strong></span> <span class='ocrx_word' id='word_1_12' title='bbox 567 660 615 720; x_wconf 85' lang='lat' dir='ltr'>Sio</span> <span class='ocrx_word' id='word_1_13' title='bbox 635 661 726 722; x_wconf 87' lang='lat' dir='ltr'>etiam</span> <span class='ocrx_word' id='word_1_14' title='bbox 748 660 923 737; x_wconf 87' lang='lat' dir='ltr'>Elmslejus,</span> <span class='ocrx_word' id='word_1_15' title='bbox 946 659 1124 735; x_wconf 85' lang='lat' dir='ltr'>Eritsohius,</span> <span class='ocrx_word' id='word_1_16' title='bbox 1146 661 1322 742; x_wconf 84' lang='lat' dir='ltr'>Wagnerns.</span> 
     </span>
     <span class='ocr_line' id='line_1_4' title="bbox 934 755 1319 838; baseline 0.008 -32"><span class='ocrx_word' id='word_1_17' title='bbox 934 803 936 806; x_wconf 83' lang='lat'>.</span> <span class='ocrx_word' id='word_1_18' title='bbox 1026 755 1138 821; x_wconf 71' lang='lat' dir='ltr'>(sagn.</span> <span class='ocrx_word' id='word_1_19' title='bbox 1155 759 1204 810; x_wconf 69' lang='lat' dir='ltr'>aaa</span> <span class='ocrx_word' id='word_1_20' title='bbox 1220 759 1319 838; x_wconf 51' lang='lat' dir='ltr'>arnul</span> 
     </span>
    </p>
   </div>
   <div class='ocr_carea' id='block_1_4' title="bbox 298 922 1382 1096">
    <p class='ocr_par' dir='ltr' id='par_1_4' title="bbox 298 922 1382 1096">
     <span class='ocr_line' id='line_1_5' title="bbox 338 922 1382 1004; baseline 0 -20"><span class='ocrx_word' id='word_1_21' title='bbox 338 922 444 1000; x_wconf 79' lang='lat' dir='ltr'>liquit.</span> <span class='ocrx_word' id='word_1_22' title='bbox 473 941 515 983; x_wconf 87' lang='lat' dir='ltr'>vs.</span> <span class='ocrx_word' id='word_1_23' title='bbox 549 927 626 984; x_wconf 78' lang='lat'>1240</span> <span class='ocrx_word' id='word_1_24' title='bbox 655 923 913 1004; x_wconf 80' lang='lat' dir='ltr'>Cleon-Paphlago</span> <span class='ocrx_word' id='word_1_25' title='bbox 934 924 967 983; x_wconf 93' lang='lat' dir='ltr'>in</span> <span class='ocrx_word' id='word_1_26' title='bbox 986 944 1018 984; x_wconf 93' lang='lat' dir='ltr'>re</span> <span class='ocrx_word' id='word_1_27' title='bbox 1038 925 1192 1004; x_wconf 87' lang='lat' dir='ltr'>desperata</span> <span class='ocrx_word' id='word_1_28' title='bbox 1211 927 1266 986; x_wconf 90' lang='lat' dir='ltr'>hoo</span> <span class='ocrx_word' id='word_1_29' title='bbox 1286 945 1382 987; x_wconf 83' lang='lat' dir='ltr'>versu</span> 
     </span>
     <span class='ocr_line' id='line_1_6' title="bbox 298 1013 782 1096; baseline 0.01 -23"><span class='ocrx_word' id='word_1_30' title='bbox 298 1034 332 1074; x_wconf 87' lang='lat' dir='ltr'>ex</span> <span class='ocrx_word' id='word_1_31' title='bbox 350 1013 502 1095; x_wconf 82' lang='lat' dir='ltr'>Euripidis</span> <span class='ocrx_word' id='word_1_32' title='bbox 523 1015 654 1096; x_wconf 86' lang='lat' dir='ltr'>Telepho</span> <span class='ocrx_word' id='word_1_33' title='bbox 674 1019 782 1078; x_wconf 86' lang='lat' dir='ltr'>utitur:</span> 
     </span>
    </p>
   </div>
   <div class='ocr_carea' id='block_1_5' title="bbox 459 1110 1307 1275">
    <p class='ocr_par' dir='ltr' id='par_1_5' title="bbox 459 1110 1307 1275">
     <span class='ocr_line' id='line_1_7' title="bbox 459 1110 1266 1203; baseline 0.007 -27"><span class='ocrx_word' id='word_1_34' title='bbox 459 1112 483 1176; x_wconf 83' lang='grc' dir='ltr'><em>ὦ</em></span> <span class='ocrx_word' id='word_1_35' title='bbox 506 1110 603 1198; x_wconf 78' lang='grc' dir='ltr'>Φοῖβ’</span> <span class='ocrx_word' id='word_1_36' title='bbox 619 1113 781 1179; x_wconf 80' lang='grc' dir='ltr'>Ἄπολλον</span> <span class='ocrx_word' id='word_1_37' title='bbox 803 1117 908 1186; x_wconf 81' lang='grc' dir='ltr'>Λίικιε,</span> <span class='ocrx_word' id='word_1_38' title='bbox 931 1119 961 1179; x_wconf 89' lang='grc' dir='ltr'>τί</span> <span class='ocrx_word' id='word_1_39' title='bbox 979 1119 1054 1180; x_wconf 75' lang='grc' dir='ltr'>ποτέ</span> <span class='ocrx_word' id='word_1_40' title='bbox 1077 1115 1108 1199; x_wconf 82' lang='grc' dir='ltr'>μ’</span> <span class='ocrx_word' id='word_1_41' title='bbox 1130 1118 1266 1203; x_wconf 64' lang='lat' dir='ltr'>{pydum</span> 
     </span>
     <span class='ocr_line' id='line_1_8' title="bbox 1024 1211 1307 1275; baseline 0 -14"><span class='ocrx_word' id='word_1_42' title='bbox 1024 1211 1138 1275; x_wconf 81' lang='lat' dir='ltr'>(Eragm.</span> <span class='ocrx_word' id='word_1_43' title='bbox 1154 1212 1203 1264; x_wconf 68' lang='lat'>705</span> <span class='ocrx_word' id='word_1_44' title='bbox 1219 1213 1307 1275; x_wconf 86' lang='lat' dir='ltr'>Dind.)</span> 
     </span>
    </p>
   </div>
   <div class='ocr_carea' id='block_1_6' title="bbox 338 1334 598 1399">
    <p class='ocr_par' dir='ltr' id='par_1_6' title="bbox 338 1334 598 1399">
     <span class='ocr_line' id='line_1_9' title="bbox 338 1334 598 1399; baseline -0.012 -2"><span class='ocrx_word' id='word_1_45' title='bbox 338 1334 420 1399; x_wconf 78' lang='lat' dir='ltr'>laid.</span> <span class='ocrx_word' id='word_1_46' title='bbox 441 1353 484 1394; x_wconf 73' lang='lat' dir='ltr'>vs,</span> <span class='ocrx_word' id='word_1_47' title='bbox 508 1339 598 1395; x_wconf 78' lang='lat'>1249:</span> 
     </span>
    </p>
   </div>
   <div class='ocr_carea' id='block_1_7' title="bbox 295 1426 1380 2064">
    <p class='ocr_par' dir='ltr' id='par_1_7' title="bbox 457 1426 1115 1514">
     <span class='ocr_line' id='line_1_10' title="bbox 457 1426 1115 1514; baseline 0.005 -20"><span class='ocrx_word' id='word_1_48' title='bbox 457 1426 611 1495; x_wconf 75' lang='grc' dir='ltr'>κυλίνδετ’</span> <span class='ocrx_word' id='word_1_49' title='bbox 635 1429 706 1495; x_wconf 78' lang='grc' dir='ltr'>εἴσω</span> <span class='ocrx_word' id='word_1_50' title='bbox 729 1428 820 1497; x_wconf 87' lang='grc' dir='ltr'>τόνδε</span> <span class='ocrx_word' id='word_1_51' title='bbox 834 1435 891 1498; x_wconf 82' lang='grc' dir='ltr'>τὸν</span> <span class='ocrx_word' id='word_1_52' title='bbox 913 1429 1115 1514; x_wconf 73' lang='grc' dir='ltr'>δυσδαίμονα.</span> 
     </span>
    </p>

    <p class='ocr_par' dir='ltr' id='par_1_8' title="bbox 295 1523 1380 1796">
     <span class='ocr_line' id='line_1_11' title="bbox 337 1523 1379 1607; baseline 0.004 -23"><span class='ocrx_word' id='word_1_53' title='bbox 337 1524 382 1584; x_wconf 86' lang='lat' dir='ltr'>Ex</span> <span class='ocrx_word' id='word_1_54' title='bbox 403 1523 629 1602; x_wconf 77' lang='lat' dir='ltr'>Bellerophonte</span> <span class='ocrx_word' id='word_1_55' title='bbox 649 1525 698 1584; x_wconf 92' lang='lat' dir='ltr'>hio</span> <span class='ocrx_word' id='word_1_56' title='bbox 718 1544 820 1586; x_wconf 83' lang='lat' dir='ltr'>versus</span> <span class='ocrx_word' id='word_1_57' title='bbox 840 1544 902 1586; x_wconf 86' lang='lat' dir='ltr'>esse</span> <span class='ocrx_word' id='word_1_58' title='bbox 922 1525 1032 1586; x_wconf 89' lang='lat' dir='ltr'>dieitur</span> <span class='ocrx_word' id='word_1_59' title='bbox 1048 1545 1066 1586; x_wconf 93' lang='lat' dir='ltr'>a</span> <span class='ocrx_word' id='word_1_60' title='bbox 1082 1526 1187 1599; x_wconf 79' lang='lat' dir='ltr'>schol,</span> <span class='ocrx_word' id='word_1_61' title='bbox 1212 1527 1271 1588; x_wconf 90' lang='lat' dir='ltr'>nisi</span> <span class='ocrx_word' id='word_1_62' title='bbox 1292 1528 1379 1607; x_wconf 88' lang='lat' dir='ltr'>quod</span> 
     </span>
     <span class='ocr_line' id='line_1_12' title="bbox 296 1619 1380 1706; baseline 0.004 -26"><span class='ocrx_word' id='word_1_63' title='bbox 296 1619 454 1700; x_wconf 80' lang='lat' dir='ltr'>Euripides</span> <span class='ocrx_word' id='word_1_64' title='bbox 485 1620 649 1700; x_wconf 88' lang='lat' dir='ltr'>seripsisset</span> <span class='ocrx_word' id='word_1_65' title='bbox 675 1622 817 1706; x_wconf 74' lang='grc' dir='ltr'>κομίζετ’.</span> <span class='ocrx_word' id='word_1_66' title='bbox 838 1622 969 1701; x_wconf 82' lang='lat' dir='ltr'>(Eragm.</span> <span class='ocrx_word' id='word_1_67' title='bbox 991 1627 1049 1682; x_wconf 79' lang='lat'>312</span> <span class='ocrx_word' id='word_1_68' title='bbox 1072 1622 1177 1702; x_wconf 80' lang='lat' dir='ltr'>Dind.)</span> <span class='ocrx_word' id='word_1_69' title='bbox 1203 1622 1380 1684; x_wconf 85' lang='lat' dir='ltr'>Verisimile</span> 
     </span>
     <span class='ocr_line' id='line_1_13' title="bbox 295 1715 856 1796; baseline 0.002 -20"><span class='ocrx_word' id='word_1_70' title='bbox 295 1722 341 1777; x_wconf 90' lang='lat' dir='ltr'>est</span> <span class='ocrx_word' id='word_1_71' title='bbox 360 1715 582 1795; x_wconf 81' lang='lat' dir='ltr'>praecedentem</span> <span class='ocrx_word' id='word_1_72' title='bbox 602 1734 719 1796; x_wconf 89' lang='lat' dir='ltr'>quoque</span> <span class='ocrx_word' id='word_1_73' title='bbox 739 1736 856 1777; x_wconf 81' lang='lat' dir='ltr'>versum</span> 
     </span>
    </p>

    <p class='ocr_par' dir='ltr' id='par_1_9' title="bbox 295 1810 1378 2064">
     <span class='ocr_line' id='line_1_14' title="bbox 456 1810 1170 1899; baseline 0.004 -24"><span class='ocrx_word' id='word_1_74' title='bbox 456 1810 551 1893; x_wconf 78' lang='grc' dir='ltr'>οἴμοι,</span> <span class='ocrx_word' id='word_1_75' title='bbox 574 1815 743 1899; x_wconf 74' lang='grc' dir='ltr'>πέπρακται</span> <span class='ocrx_word' id='word_1_76' title='bbox 766 1819 822 1877; x_wconf 80' lang='grc' dir='ltr'>τοῦ</span> <span class='ocrx_word' id='word_1_77' title='bbox 844 1811 915 1878; x_wconf 78' lang='grc' dir='ltr'>θεοῦ</span> <span class='ocrx_word' id='word_1_78' title='bbox 936 1815 973 1879; x_wconf 86' lang='grc' dir='ltr'>τὸ</span> <span class='ocrx_word' id='word_1_79' title='bbox 998 1811 1170 1899; x_wconf 77' lang='grc' dir='ltr'>θέσφατον,</span> 
     </span>
     <span class='ocr_line' id='line_1_15' title="bbox 295 1906 1378 1985; baseline 0.004 -20"><span class='ocrx_word' id='word_1_80' title='bbox 295 1906 347 1984; x_wconf 92' lang='lat' dir='ltr'>qui</span> <span class='ocrx_word' id='word_1_81' title='bbox 378 1906 469 1966; x_wconf 87' lang='lat' dir='ltr'>etiam</span> <span class='ocrx_word' id='word_1_82' title='bbox 489 1907 576 1985; x_wconf 87' lang='lat' dir='ltr'>plane</span> <span class='ocrx_word' id='word_1_83' title='bbox 597 1907 744 1984; x_wconf 83' lang='lat' dir='ltr'>tragicum</span> <span class='ocrx_word' id='word_1_84' title='bbox 764 1906 854 1966; x_wconf 85' lang='lat' dir='ltr'>habet</span> <span class='ocrx_word' id='word_1_85' title='bbox 874 1906 1019 1979; x_wconf 90' lang='lat' dir='ltr'>oolorem,</span> <span class='ocrx_word' id='word_1_86' title='bbox 1041 1927 1076 1966; x_wconf 85' lang='lat' dir='ltr'>ex</span> <span class='ocrx_word' id='word_1_87' title='bbox 1096 1907 1199 1967; x_wconf 89' lang='lat' dir='ltr'>eadem</span> <span class='ocrx_word' id='word_1_88' title='bbox 1219 1907 1378 1985; x_wconf 84' lang='lat' dir='ltr'>tragoedia</span> 
     </span>
     <span class='ocr_line' id='line_1_16' title="bbox 295 2007 518 2064; baseline 0 -2"><span class='ocrx_word' id='word_1_89' title='bbox 295 2021 357 2063; x_wconf 90' lang='lat' dir='ltr'>esse</span> <span class='ocrx_word' id='word_1_90' title='bbox 376 2007 518 2064; x_wconf 90' lang='lat' dir='ltr'>sumtum.</span> 
     </span>
    </p>
   </div>
   <div class='ocr_carea' id='block_1_8' title="bbox 295 2170 1375 3399">
    <p class='ocr_par' dir='ltr' id='par_1_10' title="bbox 295 2170 1375 3399">
     <span class='ocr_line' id='line_1_17' title="bbox 335 2170 1375 2252; baseline -0.002 -18"><span class='ocrx_word' id='word_1_91' title='bbox 335 2172 421 2236; x_wconf 83' lang='lat' dir='ltr'>lbld.</span> <span class='ocrx_word' id='word_1_92' title='bbox 438 2191 481 2234; x_wconf 82' lang='lat' dir='ltr'>rs.</span> <span class='ocrx_word' id='word_1_93' title='bbox 505 2175 582 2234; x_wconf 77' lang='lat'>1250</span> <span class='ocrx_word' id='word_1_94' title='bbox 604 2192 668 2252; x_wconf 88' lang='lat' dir='ltr'>sqq.</span> <span class='ocrx_word' id='word_1_95' title='bbox 690 2172 733 2234; x_wconf 87' lang='lat' dir='ltr'>sie</span> <span class='ocrx_word' id='word_1_96' title='bbox 755 2170 1011 2251; x_wconf 76' lang='lat' dir='ltr'>Cleon-Paphlago</span> <span class='ocrx_word' id='word_1_97' title='bbox 1032 2171 1194 2250; x_wconf 79' lang='lat' dir='ltr'>alloquitur</span> <span class='ocrx_word' id='word_1_98' title='bbox 1213 2191 1297 2232; x_wconf 85' lang='lat' dir='ltr'>suam</span> <span class='ocrx_word' id='word_1_99' title='bbox 1324 2191 1375 2232; x_wconf 89' lang='lat' dir='ltr'>oo-</span> 
     </span>
     <span class='ocr_line' id='line_1_18' title="bbox 295 2267 1006 2346; baseline 0 -20"><span class='ocrx_word' id='word_1_100' title='bbox 295 2286 397 2326; x_wconf 91' lang='lat' dir='ltr'>ronam</span> <span class='ocrx_word' id='word_1_101' title='bbox 418 2285 508 2346; x_wconf 87' lang='lat' dir='ltr'>quam</span> <span class='ocrx_word' id='word_1_102' title='bbox 528 2268 624 2328; x_wconf 87' lang='lat' dir='ltr'>viatus</span> <span class='ocrx_word' id='word_1_103' title='bbox 646 2287 664 2328; x_wconf 89' lang='lat' dir='ltr'>a</span> <span class='ocrx_word' id='word_1_104' title='bbox 683 2267 851 2328; x_wconf 76' lang='lat' dir='ltr'>macellario</span> <span class='ocrx_word' id='word_1_105' title='bbox 872 2267 1006 2346; x_wconf 87' lang='lat' dir='ltr'>deponit:</span> 
     </span>
     <span class='ocr_line' id='line_1_19' title="bbox 456 2361 1223 2451; baseline 0 -23"><span class='ocrx_word' id='word_1_106' title='bbox 456 2365 481 2428; x_wconf 85' lang='grc' dir='ltr'><em>ὦ</em></span> <span class='ocrx_word' id='word_1_107' title='bbox 503 2367 647 2450; x_wconf 77' lang='grc' dir='ltr'>στέφανε,</span> <span class='ocrx_word' id='word_1_108' title='bbox 669 2368 791 2451; x_wconf 87' lang='grc' dir='ltr'>χαίρων</span> <span class='ocrx_word' id='word_1_109' title='bbox 813 2361 917 2434; x_wconf 77' lang='grc' dir='ltr'>ἄπιθι,</span> <span class='ocrx_word' id='word_1_110' title='bbox 940 2363 983 2428; x_wconf 75' lang='grc' dir='ltr'><strong>κεῖ</strong></span> <span class='ocrx_word' id='word_1_111' title='bbox 1006 2365 1034 2428; x_wconf 89' lang='grc' dir='ltr'>σ’</span> <span class='ocrx_word' id='word_1_112' title='bbox 1056 2365 1140 2429; x_wconf 84' lang='grc' dir='ltr'>ι’ίκιυν</span> <span class='ocrx_word' id='word_1_113' title='bbox 1161 2367 1223 2450; x_wconf 78' lang='grc' dir='ltr'>ἐγὼ</span> 
     </span>
     <span class='ocr_line' id='line_1_20' title="bbox 455 2456 1213 2544; baseline 0.004 -22"><span class='ocrx_word' id='word_1_114' title='bbox 455 2457 622 2524; x_wconf 85' lang='grc' dir='ltr'>λείπω·σέ</span> <span class='ocrx_word' id='word_1_115' title='bbox 644 2456 671 2524; x_wconf 80' lang='grc' dir='ltr'>δ’</span> <span class='ocrx_word' id='word_1_116' title='bbox 693 2457 797 2532; x_wconf 78' lang='grc' dir='ltr'>ἄλλος</span> <span class='ocrx_word' id='word_1_117' title='bbox 817 2486 865 2533; x_wconf 80' lang='grc' dir='ltr'>τις</span> <span class='ocrx_word' id='word_1_118' title='bbox 889 2456 1005 2544; x_wconf 77' lang='grc' dir='ltr'>λαβὼν</span> <span class='ocrx_word' id='word_1_119' title='bbox 1027 2460 1213 2533; x_wconf 77' lang='grc' dir='ltr'>κεκτήσεται,</span> 
     </span>
     <span class='ocr_line' id='line_1_21' title="bbox 456 2550 1281 2640; baseline -0.002 -21"><span class='ocrx_word' id='word_1_120' title='bbox 456 2553 591 2629; x_wconf 80' lang='grc' dir='ltr'>κλέπτης</span> <span class='ocrx_word' id='word_1_121' title='bbox 611 2559 666 2637; x_wconf 76' lang='grc' dir='ltr'>μὲν</span> <span class='ocrx_word' id='word_1_122' title='bbox 684 2555 741 2618; x_wconf 84' lang='grc' dir='ltr'>οὐκ</span> <span class='ocrx_word' id='word_1_123' title='bbox 763 2553 802 2618; x_wconf 84' lang='grc' dir='ltr'>ἂν</span> <span class='ocrx_word' id='word_1_124' title='bbox 825 2552 967 2635; x_wconf 80' lang='grc' dir='ltr'>μᾶλλον,</span> <span class='ocrx_word' id='word_1_125' title='bbox 989 2553 1124 2640; x_wconf 75' lang='grc' dir='ltr'>εὐτυχὴς</span> <span class='ocrx_word' id='word_1_126' title='bbox 1146 2550 1173 2618; x_wconf 84' lang='grc' dir='ltr'>δ’</span> <span class='ocrx_word' id='word_1_127' title='bbox 1193 2553 1281 2628; x_wconf 73' lang='grc' dir='ltr'>ἴσως·</span> 
     </span>
     <span class='ocr_line' id='line_1_22' title="bbox 336 2646 1374 2736; baseline 0.002 -31"><span class='ocrx_word' id='word_1_128' title='bbox 336 2646 478 2707; x_wconf 87' lang='lat' dir='ltr'>Imitatur</span> <span class='ocrx_word' id='word_1_129' title='bbox 508 2655 596 2736; x_wconf 75' lang='lat' dir='ltr'>poet-a</span> <span class='ocrx_word' id='word_1_130' title='bbox 615 2647 705 2707; x_wconf 87' lang='lat' dir='ltr'>verba</span> <span class='ocrx_word' id='word_1_131' title='bbox 725 2646 891 2726; x_wconf 82' lang='lat' dir='ltr'>Euripidis,</span> <span class='ocrx_word' id='word_1_132' title='bbox 913 2646 946 2706; x_wconf 93' lang='lat' dir='ltr'>in</span> <span class='ocrx_word' id='word_1_133' title='bbox 965 2646 1052 2725; x_wconf 86' lang='lat' dir='ltr'>eujus</span> <span class='ocrx_word' id='word_1_134' title='bbox 1072 2646 1222 2708; x_wconf 89' lang='lat' dir='ltr'>Aloestide</span> <span class='ocrx_word' id='word_1_135' title='bbox 1242 2647 1374 2707; x_wconf 81' lang='lat' dir='ltr'>nuncius</span> 
     </span>
     <span class='ocr_line' id='line_1_23' title="bbox 295 2741 1374 2820; baseline 0 -20"><span class='ocrx_word' id='word_1_136' title='bbox 295 2742 398 2814; x_wconf 85' lang='lat' dir='ltr'>refert,</span> <span class='ocrx_word' id='word_1_137' title='bbox 420 2741 573 2802; x_wconf 86' lang='lat' dir='ltr'>heroinam</span> <span class='ocrx_word' id='word_1_138' title='bbox 593 2742 719 2820; x_wconf 87' lang='lat' dir='ltr'>jamjam</span> <span class='ocrx_word' id='word_1_139' title='bbox 739 2741 914 2802; x_wconf 85' lang='lat' dir='ltr'>moriturum</span> <span class='ocrx_word' id='word_1_140' title='bbox 935 2741 990 2802; x_wconf 90' lang='lat' dir='ltr'>tali</span> <span class='ocrx_word' id='word_1_141' title='bbox 1010 2741 1098 2802; x_wconf 86' lang='lat' dir='ltr'>modo</span> <span class='ocrx_word' id='word_1_142' title='bbox 1119 2748 1216 2803; x_wconf 88' lang='lat' dir='ltr'>torum</span> <span class='ocrx_word' id='word_1_143' title='bbox 1237 2741 1374 2819; x_wconf 81' lang='lat' dir='ltr'>jugalem</span> 
     </span>
     <span class='ocr_line' id='line_1_24' title="bbox 296 2835 770 2917; baseline 0.004 -22"><span class='ocrx_word' id='word_1_144' title='bbox 296 2855 358 2897; x_wconf 90' lang='lat' dir='ltr'>esse</span> <span class='ocrx_word' id='word_1_145' title='bbox 378 2835 500 2897; x_wconf 83' lang='lat' dir='ltr'>effatam</span> <span class='ocrx_word' id='word_1_146' title='bbox 521 2836 577 2914; x_wconf 91' lang='lat' dir='ltr'>(vs.</span> <span class='ocrx_word' id='word_1_147' title='bbox 601 2845 657 2899; x_wconf 88' lang='grc'>177</span> <span class='ocrx_word' id='word_1_148' title='bbox 679 2840 770 2917; x_wconf 88' lang='lat' dir='ltr'>sqq.):</span> 
     </span>
     <span class='ocr_line' id='line_1_25' title="bbox 457 2931 1110 3021; baseline 0.002 -25"><span class='ocrx_word' id='word_1_149' title='bbox 457 2933 480 2996; x_wconf 79' lang='lat' dir='ltr'>d</span> <span class='ocrx_word' id='word_1_150' title='bbox 502 2932 650 3021; x_wconf 77' lang='grc' dir='ltr'>λέκτρον,</span> <span class='ocrx_word' id='word_1_151' title='bbox 673 2932 748 3000; x_wconf 75' lang='grc' dir='ltr'>ἔνθα</span> <span class='ocrx_word' id='word_1_152' title='bbox 768 2931 920 3020; x_wconf 70' lang='grc' dir='ltr'>ταρθένεί</span> <span class='ocrx_word' id='word_1_153' title='bbox 943 2933 1028 2999; x_wconf 83' lang='grc' dir='ltr'>ἐ’λυσ’</span> <span class='ocrx_word' id='word_1_154' title='bbox 1048 2935 1110 3018; x_wconf 79' lang='grc' dir='ltr'>ἐγὼ</span> 
     </span>
     <span class='ocr_line' id='line_1_26' title="bbox 457 3025 1238 3114; baseline 0.001 -22"><span class='ocrx_word' id='word_1_155' title='bbox 457 3027 615 3114; x_wconf 77' lang='grc' dir='ltr'>κορεΰματ’</span> <span class='ocrx_word' id='word_1_156' title='bbox 635 3031 666 3093; x_wconf 83' lang='grc' dir='ltr'>ἐκ</span> <span class='ocrx_word' id='word_1_157' title='bbox 686 3025 770 3093; x_wconf 81' lang='grc' dir='ltr'>τοῦδ’</span> <span class='ocrx_word' id='word_1_158' title='bbox 793 3025 912 3114; x_wconf 77' lang='grc' dir='ltr'>ἀνδρός</span> <span class='ocrx_word' id='word_1_159' title='bbox 919 3070 928 3101; x_wconf 94' lang='grc'>,</span> <span class='ocrx_word' id='word_1_160' title='bbox 948 3028 985 3092; x_wconf 84' lang='grc' dir='ltr'>οὗ</span> <span class='ocrx_word' id='word_1_161' title='bbox 1007 3026 1132 3103; x_wconf 85' lang='grc' dir='ltr'>θνήσκω</span> <span class='ocrx_word' id='word_1_162' title='bbox 1154 3032 1238 3114; x_wconf 80' lang='grc' dir='ltr'>πέρι,</span> 
     </span>
     <span class='ocr_line' id='line_1_27' title="bbox 456 3121 622 3212; baseline 0.012 -27"><span class='ocrx_word' id='word_1_163' title='bbox 456 3121 541 3212; x_wconf 86' lang='grc' dir='ltr'>χαῖρ’</span> <span class='ocrx_word' id='word_1_164' title='bbox 564 3125 622 3187; x_wconf 77' lang='grc' dir='ltr'>κτὲ·</span> 
     </span>
     <span class='ocr_line' id='line_1_28' title="bbox 456 3214 1119 3302; baseline 0 -21"><span class='ocrx_word' id='word_1_165' title='bbox 456 3250 467 3261; x_wconf 94' lang='grc'><em>·</em></span> <span class='ocrx_word' id='word_1_166' title='bbox 490 3249 501 3260; x_wconf 95' lang='grc'><em>·</em></span> <span class='ocrx_word' id='word_1_167' title='bbox 522 3250 534 3262; x_wconf 96' lang='grc'>·</span> <span class='ocrx_word' id='word_1_168' title='bbox 555 3223 588 3282; x_wconf 76' lang='grc' dir='ltr'>σὲ</span> <span class='ocrx_word' id='word_1_169' title='bbox 611 3214 636 3283; x_wconf 87' lang='grc' dir='ltr'>δ’</span> <span class='ocrx_word' id='word_1_170' title='bbox 656 3216 740 3293; x_wconf 80' lang='grc' dir='ltr'>ἄλλη</span> <span class='ocrx_word' id='word_1_171' title='bbox 761 3245 808 3292; x_wconf 84' lang='grc' dir='ltr'>τις</span> <span class='ocrx_word' id='word_1_172' title='bbox 830 3219 911 3302; x_wconf 82' lang='grc' dir='ltr'>γυνὴ</span> <span class='ocrx_word' id='word_1_173' title='bbox 932 3220 1119 3292; x_wconf 82' lang='grc' dir='ltr'>κεκτήσεται,</span> 
     </span>
     <span class='ocr_line' id='line_1_29' title="bbox 459 3308 1288 3399; baseline 0 -24"><span class='ocrx_word' id='word_1_174' title='bbox 459 3312 596 3399; x_wconf 78' lang='grc' dir='ltr'>σώφρων</span> <span class='ocrx_word' id='word_1_175' title='bbox 616 3317 674 3394; x_wconf 71' lang='grc' dir='ltr'>μὲν</span> <span class='ocrx_word' id='word_1_176' title='bbox 694 3313 751 3378; x_wconf 81' lang='grc' dir='ltr'>οὐκ</span> <span class='ocrx_word' id='word_1_177' title='bbox 772 3312 811 3377; x_wconf 81' lang='grc' dir='ltr'>ἂν</span> <span class='ocrx_word' id='word_1_178' title='bbox 831 3311 972 3393; x_wconf 74' lang='grc' dir='ltr'>μᾶλλον,</span> <span class='ocrx_word' id='word_1_179' title='bbox 995 3313 1128 3398; x_wconf 75' lang='grc' dir='ltr'>εὐτυχὴς</span> <span class='ocrx_word' id='word_1_180' title='bbox 1154 3308 1180 3376; x_wconf 88' lang='grc' dir='ltr'>δ’</span> <span class='ocrx_word' id='word_1_181' title='bbox 1201 3312 1288 3386; x_wconf 73' lang='grc' dir='ltr'>ἴσως·</span> 
     </span>
    </p>
   </div>
   <div class='ocr_carea' id='block_1_9' title="bbox 339 3436 685 3568">
    <p class='ocr_par' dir='ltr' id='par_1_11' title="bbox 339 3436 685 3568">
     <span class='ocr_line' id='line_1_30' title="bbox 339 3436 685 3568; baseline -0.014 -15"><span class='ocrx_word' id='word_1_182' title='bbox 339 3436 422 3554; x_wconf 72' lang='lat' dir='ltr'>leid.</span> <span class='ocrx_word' id='word_1_183' title='bbox 443 3508 485 3549; x_wconf 86' lang='lat' dir='ltr'>vs.</span> <span class='ocrx_word' id='word_1_184' title='bbox 509 3494 685 3568; x_wconf 70' lang='lat' dir='ltr'>12901qq,:</span> 
     </span>
    </p>
   </div>
   <div class='ocr_carea' id='block_1_10' title="bbox 303 3583 1374 4233">
    <p class='ocr_par' dir='ltr' id='par_1_12' title="bbox 303 3583 1374 4233">
     <span class='ocr_line' id='line_1_31' title="bbox 458 3583 853 3672; baseline 0.008 -23"><span class='ocrx_word' id='word_1_185' title='bbox 458 3589 476 3660; x_wconf 78' lang='grc' dir='ltr'><strong><em>ἦ</em></strong></span> <span class='ocrx_word' id='word_1_186' title='bbox 498 3583 658 3660; x_wconf 82' lang='grc' dir='ltr'>πολλάκις</span> <span class='ocrx_word' id='word_1_187' title='bbox 680 3588 853 3672; x_wconf 75' lang='grc' dir='ltr'>ἐννυχίαισι</span> 
     </span>
     <span class='ocr_line' id='line_1_32' title="bbox 458 3683 869 3767; baseline 0.005 -23"><span class='ocrx_word' id='word_1_188' title='bbox 458 3683 603 3767; x_wconf 74' lang='grc' dir='ltr'>φροντίσι</span> <span class='ocrx_word' id='word_1_189' title='bbox 625 3684 869 3767; x_wconf 77' lang='grc' dir='ltr'>συγγεγένημαι,</span> 
     </span>
     <span class='ocr_line' id='line_1_33' title="bbox 461 3771 1373 3863; baseline -0.002 -23"><span class='ocrx_word' id='word_1_190' title='bbox 461 3780 508 3840; x_wconf 83' lang='grc' dir='ltr'>καὶ</span> <span class='ocrx_word' id='word_1_191' title='bbox 527 3771 681 3863; x_wconf 73' lang='grc' dir='ltr'>διεζήτηχ’</span> <span class='ocrx_word' id='word_1_192' title='bbox 698 3774 814 3841; x_wconf 85' lang='grc' dir='ltr'>ὁπόθεν</span> <span class='ocrx_word' id='word_1_193' title='bbox 831 3780 905 3842; x_wconf 72' lang='grc' dir='ltr'>ποτὲ</span> <span class='ocrx_word' id='word_1_194' title='bbox 918 3775 1048 3861; x_wconf 80' lang='grc' dir='ltr'>φαύλως</span> <span class='ocrx_word' id='word_1_195' title='bbox 1061 3772 1154 3841; x_wconf 82' lang='grc' dir='ltr'>ἐσθίει</span> <span class='ocrx_word' id='word_1_196' title='bbox 1166 3775 1373 3857; x_wconf 75' lang='grc' dir='ltr'>Κλεώνυμος·</span> 
     </span>
     <span class='ocr_line' id='line_1_34' title="bbox 342 3868 1374 3949; baseline 0 -21"><span class='ocrx_word' id='word_1_197' title='bbox 342 3870 379 3929; x_wconf 95' lang='lat' dir='ltr'>ln</span> <span class='ocrx_word' id='word_1_198' title='bbox 409 3888 440 3929; x_wconf 94' lang='lat' dir='ltr'>re</span> <span class='ocrx_word' id='word_1_199' title='bbox 460 3868 573 3929; x_wconf 89' lang='lat' dir='ltr'>ludiera</span> <span class='ocrx_word' id='word_1_200' title='bbox 592 3870 712 3949; x_wconf 84' lang='lat' dir='ltr'>respicit</span> <span class='ocrx_word' id='word_1_201' title='bbox 732 3870 821 3930; x_wconf 87' lang='lat' dir='ltr'>rerba</span> <span class='ocrx_word' id='word_1_202' title='bbox 842 3869 1004 3944; x_wconf 88' lang='lat' dir='ltr'>Phaedrae,</span> <span class='ocrx_word' id='word_1_203' title='bbox 1027 3869 1150 3949; x_wconf 87' lang='lat' dir='ltr'>Hippol.</span> <span class='ocrx_word' id='word_1_204' title='bbox 1170 3888 1212 3931; x_wconf 86' lang='lat' dir='ltr'>vs.</span> <span class='ocrx_word' id='word_1_205' title='bbox 1234 3871 1291 3929; x_wconf 87' lang='grc'>375</span> <span class='ocrx_word' id='word_1_206' title='bbox 1313 3886 1374 3946; x_wconf 90' lang='lat' dir='ltr'>sq.:</span> 
     </span>
     <span class='ocr_line' id='line_1_35' title="bbox 459 3962 1185 4052; baseline 0 -23"><span class='ocrx_word' id='word_1_207' title='bbox 459 3962 517 4041; x_wconf 83' lang='grc' dir='ltr'>ἤδη</span> <span class='ocrx_word' id='word_1_208' title='bbox 539 3965 607 4030; x_wconf 88' lang='grc' dir='ltr'>ποτ’</span> <span class='ocrx_word' id='word_1_209' title='bbox 628 3965 739 4042; x_wconf 78' lang='grc' dir='ltr'>ἄλλως</span> <span class='ocrx_word' id='word_1_210' title='bbox 760 3969 873 4042; x_wconf 86' lang='grc' dir='ltr'>νυκτὸς</span> <span class='ocrx_word' id='word_1_211' title='bbox 894 3969 927 4032; x_wconf 81' lang='grc' dir='ltr'>ἐν</span> <span class='ocrx_word' id='word_1_212' title='bbox 947 3971 1059 4052; x_wconf 68' lang='grc' dir='ltr'>μακρῷ</span> <span class='ocrx_word' id='word_1_213' title='bbox 1077 3967 1185 4052; x_wconf 80' lang='grc' dir='ltr'>χρόνῳ</span> 
     </span>
     <span class='ocr_line' id='line_1_36' title="bbox 460 4057 1102 4148; baseline 0.003 -25"><span class='ocrx_word' id='word_1_214' title='bbox 460 4058 581 4134; x_wconf 81' lang='grc' dir='ltr'>θνητῶν</span> <span class='ocrx_word' id='word_1_215' title='bbox 602 4060 756 4145; x_wconf 77' lang='grc' dir='ltr'>ἓφρόντισ’</span> <span class='ocrx_word' id='word_1_216' title='bbox 777 4058 797 4148; x_wconf 73' lang='grc' dir='ltr'><strong><em>ᾖ</em></strong></span> <span class='ocrx_word' id='word_1_217' title='bbox 819 4057 995 4147; x_wconf 74' lang='grc' dir='ltr'>διέφθαρται</span> <span class='ocrx_word' id='word_1_218' title='bbox 1015 4057 1102 4145; x_wconf 76' lang='grc' dir='ltr'>βίος·</span> 
     </span>
     <span class='ocr_line' id='line_1_37' title="bbox 303 4151 1087 4233; baseline 0.005 -20"><span class='ocrx_word' id='word_1_219' title='bbox 303 4151 387 4213; x_wconf 84' lang='lat' dir='ltr'>Oonf.</span> <span class='ocrx_word' id='word_1_220' title='bbox 408 4151 482 4211; x_wconf 89' lang='lat' dir='ltr'>Rau.</span> <span class='ocrx_word' id='word_1_221' title='bbox 502 4171 544 4212; x_wconf 86' lang='lat' dir='ltr'>vs.</span> <span class='ocrx_word' id='word_1_222' title='bbox 566 4157 637 4226; x_wconf 85' lang='lat'>931,</span> <span class='ocrx_word' id='word_1_223' title='bbox 659 4151 783 4232; x_wconf 86' lang='lat' dir='ltr'>Lysistr.</span> <span class='ocrx_word' id='word_1_224' title='bbox 804 4174 846 4216; x_wconf 79' lang='lat' dir='ltr'>vs.</span> <span class='ocrx_word' id='word_1_225' title='bbox 868 4159 906 4215; x_wconf 78' lang='lat'>26</span> <span class='ocrx_word' id='word_1_226' title='bbox 927 4171 971 4233; x_wconf 90' lang='lat' dir='ltr'>sq.</span> <span class='ocrx_word' id='word_1_227' title='bbox 1084 4189 1087 4192; x_wconf 96' lang='lat'>·</span> 
     </span>
    </p>
   </div>
   <div class='ocr_carea' id='block_1_11' title="bbox 290 4330 1376 4499">
    <p class='ocr_par' dir='ltr' id='par_1_13' title="bbox 290 4330 1376 4499">
     <span class='ocr_line' id='line_1_38' title="bbox 290 4330 1376 4413; baseline -0.015 -5"><span class='ocrx_word' id='word_1_228' title='bbox 290 4337 291 4340; x_wconf 28' lang='lat'>¹</span> <span class='ocrx_word' id='word_1_229' title='bbox 342 4341 424 4407; x_wconf 76' lang='lat' dir='ltr'>told.</span> <span class='ocrx_word' id='word_1_230' title='bbox 444 4359 487 4402; x_wconf 86' lang='lat' dir='ltr'>rs.</span> <span class='ocrx_word' id='word_1_231' title='bbox 509 4343 586 4400; x_wconf 78' lang='lat'>1302</span> <span class='ocrx_word' id='word_1_232' title='bbox 598 4337 738 4408; x_wconf 86' lang='lat' dir='ltr'>triremis,</span> <span class='ocrx_word' id='word_1_233' title='bbox 760 4335 850 4413; x_wconf 83' lang='lat' dir='ltr'>longa</span> <span class='ocrx_word' id='word_1_234' title='bbox 869 4337 1016 4395; x_wconf 85' lang='lat' dir='ltr'>vetustate</span> <span class='ocrx_word' id='word_1_235' title='bbox 1036 4330 1132 4412; x_wconf 88' lang='lat' dir='ltr'>putris</span> <span class='ocrx_word' id='word_1_236' title='bbox 1144 4337 1173 4391; x_wconf 89' lang='lat' dir='ltr'>et</span> <span class='ocrx_word' id='word_1_237' title='bbox 1183 4330 1309 4402; x_wconf 89' lang='lat' dir='ltr'>rimosa,</span> <span class='ocrx_word' id='word_1_238' title='bbox 1330 4331 1376 4392; x_wconf 87' lang='lat' dir='ltr'>sio</span> 
     </span>
     <span class='ocr_line' id='line_1_39' title="bbox 303 4434 784 4499; baseline -0.017 0"><span class='ocrx_word' id='word_1_239' title='bbox 303 4438 413 4499; x_wconf 87' lang='lat' dir='ltr'>dieitur</span> <span class='ocrx_word' id='word_1_240' title='bbox 433 4454 544 4497; x_wconf 87' lang='lat' dir='ltr'>sorores</span> <span class='ocrx_word' id='word_1_241' title='bbox 564 4434 691 4494; x_wconf 81' lang='lat' dir='ltr'>allocuta</span> <span class='ocrx_word' id='word_1_242' title='bbox 711 4450 784 4492; x_wconf 90' lang='lat' dir='ltr'>esse:</span> 
     </span>
    </p>
   </div>
   <div class='ocr_carea' id='block_1_12' title="bbox 0 0 1594 5192">
    <p class='ocr_par' dir='ltr' id='par_1_14' title="bbox 0 0 1594 5192">
     <span class='ocr_line' id='line_1_40' title="bbox 0 0 1594 5192; baseline 0 0"><span class='ocrx_word' id='word_1_243' title='bbox 0 0 1594 5192; x_wconf 95' lang='lat' dir='ltr'> </span> 
     </span>
    </p>
   </div>
  </div>
 </body>
</html>
