3154 5198
739 365 760 441 'e

214 564 390 646 sentiebat,
416 563 472 628 sed
496 563 548 628 hle
571 549 698 649 quoque
722 563 894 629 resistebat
909 564 1060 628 omnibus
1077 563 1289 647 novitatibm,

213 683 252 741 ut
275 676 417 761 patrium
439 676 565 741 cultum
590 676 722 743 deorum
747 678 912 763 integrum
936 685 1084 743 servaret.

259 789 294 856 Si
328 788 400 875 quis
436 793 546 854 autem
582 789 643 854 hac
673 790 708 854 in
740 813 773 855 re
805 791 1060 875 Aristophanem
1087 813 1203 875 parum
1228 792 1289 857 sibi

215 903 401 993 constitisse
431 909 577 987 censeat,
612 925 713 989 quum
747 926 787 968 ex
816 903 920 989 ipsius
952 903 1081 989 scriptis
1105 904 1289 990 collegerit,

216 1023 285 1082 tam
307 1016 422 1082 leviter
445 1038 520 1081 eum
544 1016 583 1082 de
606 1017 669 1082 diis
694 1017 853 1102 cogitasse
877 1023 915 1084 ut
945 1017 999 1082 vix
1014 1017 1219 1103 intelligatur
1235 1040 1291 1084 cur

217 1129 506 1214 operaepretium
542 1128 692 1194 habuerit
720 1150 778 1214 pro
801 1129 842 1194 iis
868 1130 902 1193 in
926 1151 1057 1194 arenam
1080 1131 1290 1214 descendere,

217 1244 278 1308 hoo
301 1242 397 1307 velim
421 1264 530 1308 seeum
554 1249 697 1327 reputet:
728 1242 853 1308 cultum
876 1243 1008 1308 deorum
1032 1243 1119 1329 apud
1140 1245 1291 1329 antiquos
1316 1235 1318 1240 ⁸

184 1361 189 1370 ”
217 1357 354 1442 populos
380 1361 510 1442 partem
543 1356 644 1421 fuisse
672 1355 887 1441 reipublicae,
905 1357 966 1422 ita
990 1369 1026 1421 ut
1050 1356 1232 1450 quicunque
1257 1359 1291 1422 in

217 1471 350 1537 civitate
381 1471 529 1556 regunda
565 1470 664 1535 vellet
697 1469 828 1555 antiqua
868 1470 970 1552 tueri,
1010 1471 1191 1536 necessario
1226 1471 1292 1536 fere

217 1585 253 1648 in
277 1584 433 1670 religione
456 1591 542 1648 esset
565 1581 782 1660 orthodoxus3
808 1604 911 1668 neque
934 1582 1208 1668 Aristophanem,
1233 1606 1292 1671 pro

219 1699 344 1785 ingenii
377 1698 544 1780 acumine,
577 1698 687 1782 potuit
718 1696 837 1779 latere,
873 1696 1110 1763 mutationibus
1138 1698 1173 1762 in
1196 1699 1292 1763 rebus

220 1813 318 1883 sacris
350 1813 453 1899 ipsam
488 1811 598 1896 tangi,
625 1818 664 1897 ,et
697 1830 792 1894 saepe
815 1809 955 1891 concuti,
981 1808 1168 1896 civitatem,
1193 1832 1294 1898 quum

219 1932 332 1993 contra
362 1925 513 2010 religiose
537 1920 683 1988 servatus
708 1922 816 1987 cultus
841 1922 993 2006 deorum,
1018 1923 1124 2009 qualis
1148 1947 1168 1988 a
1189 1925 1293 2011 patri-

219 2040 281 2105 bus
316 2039 360 2104 sit
394 2038 554 2119 traditus,
589 2036 788 2120 permultum
823 2035 968 2101 conferat
1001 2036 1041 2100 ad
1074 2037 1295 2104 confirmanda

220 2158 345 2217 caetera
369 2171 495 2237 quoque
520 2147 678 2234 majorum
703 2149 866 2213 instituta.

266 2265 436 2330 Novitates
469 2263 571 2349 igitur
603 2261 839 2347 Aristophanes
873 2262 957 2327 male
981 2285 1115 2349 exosus,
1140 2287 1160 2329 a
1183 2265 1293 2351 sophi-

222 2388 346 2446 starum
366 2379 521 2445 doctrinis
545 2355 745 2442 abhorrebat.
786 2376 959 2462 Euripides
974 2399 1059 2460 vero,
1073 2378 1129 2463 qui
1141 2386 1295 2465 utrasque
1366 2453 1371 2464 ‚

126 2497 134 2510 ⁰
223 2494 416 2580 sequebatur
448 2498 481 2556 et
503 2490 726 2576 profitebatur,
751 2488 819 2574 'ejus
839 2487 963 2572 judicio
988 2489 1122 2574 signifer
1145 2498 1214 2556 erat
1236 2491 1294 2557 ho-

222 2608 350 2671 minum
374 2627 457 2671 nova
480 2603 688 2668 molientium
710 2611 744 2666 et
759 2602 898 2686 patriam
913 2601 1003 2667 brevi
1015 2603 1253 2688 perditurornm
1270 2607 1291 2670 ¹.

225 2720 322 2784 Hunc
354 2717 455 2802 igitur
477 2715 687 2801 promachum
711 2722 749 2779 ut
771 2714 969 2798 opprimeret
991 2714 1143 2780 omnibus
1172 2714 1296 2782 viribus

224 2834 315 2899 nisus
339 2836 405 2914 est,
429 2829 518 2894 etin
542 2851 579 2893 eo
603 2827 790 2894 lacessendo
813 2826 907 2892 valde
930 2827 996 2892 fuit
1011 2827 1169 2913 pertinax.
1218 2831 1296 2895 dam

225 2947 258 3011 in
269 2946 374 3031 prima
385 2943 471 3008 enim
484 2940 722 3006 comoediarum
733 2961 814 3024 quae
827 2940 869 3003 ad
880 2961 939 3004 nos
948 2943 1184 3024 pervenerunt’
1200 2942 1297 3007 Euri-

224 3062 333 3147 pidem
358 3062 447 3123 tenet
468 3061 650 3139 arreptum,
678 3075 782 3140 neque
803 3075 861 3138 per
884 3053 1003 3138 viginti
1026 3075 1128 3120 annos
1153 3075 1295 3139 unquam

225 3176 361 3240 missum
385 3167 478 3246 fecit;
504 3168 583 3253 quin
608 3165 715 3231 “iram
738 3165 830 3230 illam
845 3167 1018 3250 capitalem
1026 3168 1059 3251 ,''
1076 3167 1127 3232 vel
1143 3168 1297 3232 acriorem

226 3308 323 3374 quam
347 3305 428 3371 quae
452 3281 516 3347 fuit
539 3281 624 3345 inter
648 3277 835 3344 Priamiden
852 3286 885 3344 et
900 3279 1080 3363 Achillem,
1099 3303 1141 3346 ne
1157 3282 1298 3346 “ultima

226 3401 359 3487 quidem
392 3420 478 3463 mors
512 3396 663 3471 divisit;''
695 3415 861 3480 nunquam
900 3394 987 3458 enim
1025 3394 1162 3460 ferocius
1201 3397 1297 3461 velli-

227 3515 313 3581 cavit
345 3514 503 3599 tragicum
539 3531 636 3596 quam
668 3529 777 3572 recens
811 3512 976 3571 mortuum
1000 3507 1034 3570 in
1058 3508 1215 3592 palmaria
1240 3511 1299 3576 illa

229 3630 393 3693 Ranarum
432 3623 604 3690 comoedia.
655 3621 803 3703 Scilicet,
847 3642 946 3706 quum
976 3621 1056 3686 alios
1080 3622 1296 3710 adversarios,

263 3921 266 3944 ¹
286 3915 324 3966 Ut
340 3923 395 3962 utar
412 3913 493 3962 verlds
511 3909 668 3968 Mommseni,
685 3909 895 3973 sesquipedalibus
911 3911 954 3958 sed
971 3918 1052 3959 tamen
1072 3925 1125 3960 rem
1142 3911 1204 3960 bene
1217 3913 1298 3976 expri-

227 4007 362 4056 mentibus:
398 4003 543 4066 nEuripides
568 4002 600 4049 ist
624 4002 669 4048 der
694 4007 758 4048 erste
784 4001 834 4046 und
860 3999 957 4049 oberste
979 3999 1085 4063 Apostel
1102 4001 1146 4049 der
1163 4016 1242 4050 neuen
1259 4004 1298 4051 die

230 4098 292 4146 rahe
315 4095 417 4144 attische
434 4089 689 4142 Volkethtrmlichkeit
706 4089 864 4137 auflbsenden
880 4087 1114 4150 kosmopolitisehen
1130 4087 1299 4141 Humanitat.''

227 4189 310 4248 (imm.
327 4185 415 4235 Geseh.
434 4183 443 4213 ἢ
460 4185 482 4242 1,
498 4198 555 4246 pag.
572 4183 642 4243 909.)

261 4274 499 4325 ²Aeharnensibns.
532 4271 616 4320 Etiam
641 4270 667 4317 in
685 4271 816 4331 Proegone
833 4267 979 4328 Euripidem
995 4268 1100 4331 carpsit,
1118 4272 1157 4319 vd.
1175 4271 1250 4320 schol.
1268 4274 1300 4320 ad

229 4369 306 4428 Vesp.
324 4368 363 4416 61.
398 4363 553 4426 Autolycum
570 4363 607 4423 (l),
625 4360 767 4410 Erechthea
775 4359 813 4421 (ἵ),
826 4357 968 4421 Polyidum,
979 4358 1124 4407 Phoenissas
1133 4362 1301 4424 adEuripidis

229 4455 387 4518 cognomines
404 4427 496 4501 fabulas
514 4451 660 4500 deridendus
676 4447 803 4510 scripsisse
821 4447 914 4495 videtur
932 4446 1121 4509 Aristophanes.
