3154 5198
845 368 886 428 46

329 565 431 628 paene
471 544 560 612 dieas
600 568 674 611 enm
722 549 845 634 gloriae
888 571 995 614 amore
1028 549 1178 633 ductum,
1213 573 1285 615 cum
1322 551 1409 616 alios

329 661 443 740 poetas
467 662 535 722 arte
559 679 593 722 se
618 681 769 744 superare
793 683 888 746 posse
911 662 1113 746 desperaret,
1138 663 1292 728 materiae
1318 669 1408 729 certe

329 771 422 855 copia
445 772 571 836 vincere
594 772 737 838 voluisse
755 787 775 840 ¹.
818 774 871 840 Sic
895 775 929 839 in
954 776 1142 842 Phoenissis
1158 779 1404 862 componendis,

329 909 429 972 quum
460 887 658 971 Aeschylum
685 889 960 975 Sophoclemque‚
986 892 1042 976 qui
1065 891 1151 956 idem
1173 898 1406 976 argumentum

329 1007 565 1085 tractaverant,
602 1002 839 1085 aemularetur,
875 1003 909 1068 id
945 1004 1162 1090 excogitavit,
1197 1011 1236 1070 nt
1269 1010 1406 1070 cunctas

329 1114 585 1180 Labdacidarum
610 1116 832 1202 calamitates,
857 1139 994 1202 quarum
1019 1118 1169 1204 singulae
1192 1119 1259 1183 illis
1272 1119 1406 1184 uberem

329 1228 486 1293 dramatis
520 1230 689 1294 materiem
724 1230 1031 1316 suppeditaverant,
1056 1232 1154 1296 unius
1174 1229 1303 1296 fabulae
1327 1230 1405 1294 fini-

331 1340 392 1404 bus
415 1339 612 1419 includeret3
636 1343 747 1408 credas
771 1365 846 1408 eum
869 1344 1056 1430 putavisse,
1082 1366 1146 1431 quo
1169 1343 1264 1428 plura
1287 1365 1405 1409 nume-

329 1458 478 1518 rarentur
511 1452 644 1539 funera,
670 1477 707 1521 eo
731 1456 898 1522 meliorem
922 1466 956 1522 et
979 1457 1159 1543 graviorem
1183 1456 1251 1521 fore
1275 1463 1406 1542 tragoe-

330 1566 453 1641 diam3·
473 1575 640 1654 praeterea
672 1569 857 1656 Antigones
891 1571 950 1636 illa
980 1575 1199 1658 τειχοσκοπία,
1224 1592 1305 1655 quae
1327 1575 1407 1656 post

327 1680 479 1744 locastae
511 1680 668 1767 frigidum
704 1683 877 1768 prologum
908 1705 965 1768 per
1004 1685 1065 1748 loo
1088 1704 1200 1747 versus
1222 1704 1256 1746 se
1279 1682 1403 1765 trahit,

328 1795 391 1860 etsi
413 1815 471 1878 per
494 1816 528 1860 se
552 1795 660 1860 suavis
685 1795 827 1862 imitatio
847 1795 997 1880 Homeri,
1022 1796 1064 1861 ud
1085 1795 1214 1861 fabulae
1229 1801 1405 1881 argumen-

328 1913 399 1970 tum
423 1906 508 1970 nihil
532 1908 675 1993 confert,
708 1915 746 1974 ut
757 1909 797 1974 ab
811 1910 1026 1994 hypotheseos
1041 1909 1196 1994 scriptore
1208 1931 1281 1974 vere
1293 1908 1404 1974 obser-

328 2025 450 2084 vatum.
492 2020 555 2085 Sed
580 2020 730 2106 inprimis
751 2020 944 2105 dolendum,
963 2021 1126 2088 Menoecei
1142 2027 1281 2087 mortem
1294 2023 1328 2085 in
1341 2022 1404 2087 hac

328 2132 439 2198 fabula
463 2155 533 2198 esse
557 2141 784 2198 memoratam:
807 2135 956 2218 generosi
979 2135 1070 2220 pueri
1094 2134 1203 2200 nobile
1226 2133 1328 2200 letum
1351 2135 1403 2199 di-

327 2268 431 2332 gnum
454 2253 522 2312 erat
543 2247 630 2331 qnod
651 2247 749 2331 paulo
770 2247 865 2312 aliter
887 2253 1058 2313 caneretur
1082 2270 1179 2334 quam
1199 2249 1233 2311 in
1247 2247 1399 2330 transitu,

328 2360 498 2426 duodecim
530 2365 660 2424 tantum
694 2359 841 2424 versibus
874 2359 909 2423 in
929 2359 1055 2426 'nuncii
1084 2359 1268 2424 narratione
1299 2360 1339 2424 de
1363 2381 1400 2424 eo

328 2474 510 2558 agentibus.
559 2472 627 2536 Nec
660 2494 725 2537 non
758 2473 792 2536 in
825 2472 898 2541 aliis
930 2473 1051 2538 fabulis
1083 2473 1205 2538 similia
1232 2481 1403 2539 occurrunt

330 2586 542 2650 incommoda.
591 2585 633 2672 In,
667 2585 802 2650 Hecuba
841 2586 926 2650 inter
962 2586 1148 2670 Polyxenae
1183 2593 1217 2650 et
1249 2585 1404 2670 Polydori

329 2696 460 2781 funera,
493 2721 574 2784 quae
605 2700 697 2765 nullo
720 2701 851 2765 vinculo
876 2706 954 2766 sunt
972 2701 1126 2786 juncta2,
1151 2701 1307 2766 dividitur
1327 2723 1401 2786 spe·
1464 2700 1466 2702 ’

330 2815 490 2875 ctatorum
515 2813 651 2878 animus.
690 2814 730 2877 ln
754 2813 938 2879 Heraclidis
954 2819 1028 2879 c'um
1045 2815 1204 2880 Menariae
1219 2815 1403 2880 voluntaria

332 2944 417 2988 mors
464 2930 535 2988 tum
581 2924 758 3010 Eurysthei
791 2948 896 3011 poena
937 2932 1093 2992 cantatur.
1152 2927 1190 2991 In
1240 2905 1403 3014 Supplici-

331 3036 392 3102 bus
423 3039 604 3122 episodium
634 3039 673 3106 de
703 3040 838 3106 Evadne
867 3041 901 3105 in
932 3041 1041 3106 mariti
1065 3041 1208 3127 Capanei
1230 3062 1345 3126 rogum
1369 3061 1402 3104 se

318 3254 321 3263 “
363 3249 369 3278 ¹
405 3249 463 3298 Non
480 3247 552 3297 facile
569 3249 677 3296 adducar
696 3257 722 3296 ut
738 3247 859 3296 calculum
876 3246 990 3309 adjiciam
1006 3248 1169 3307 Bernhardm,
1185 3243 1402 3298 itadehacrerum

330 3338 477 3386 abundantis
502 3337 622 3386 rationem
648 3337 762 3386 reddenti
788 3337 853 3400 (pag.
880 3338 952 3398 432);
977 3337 1075 3386 “dieses
1100 3338 1209 3387 Unmass
1226 3338 1294 3386 eines
1310 3337 1404 3386 tiberia-

329 3427 427 3475 “denen
451 3425 590 3475 Plana...
621 3426 692 3475 sollte
719 3428 759 3474 die
786 3425 968 3490 Verflechtung
993 3427 1037 3476 der
1063 3427 1194 3490 geheimen
1214 3427 1301 3477 Fiden
1316 3428 1343 3474 in
1360 3429 1403 3477 der

330 3509 472 3563 ‘'‘sittlichen
497 3515 566 3564 Welt
589 3516 748 3564 anschanlieh
773 3516 887 3574 machon,
901 3517 953 3564 und
969 3515 1088 3579 beil'aufig
1104 3515 1150 3565 ant
1171 3517 1212 3566 die
1228 3517 1401 3579 verborgenen

333 3604 430 3667 “che
454 3605 498 3652 der
524 3602 638 3653 Gottheit
661 3603 696 3652 im
721 3603 841 3652 unklaren
866 3603 1019 3653 Lebenslanf
1031 3606 1076 3653 der
1092 3605 1229 3654 Menschen
1246 3605 1402 3654 hinweisen.”

331 3694 409 3757 (Vide
426 3694 502 3742 etiam
519 3707 577 3755 pag.
596 3693 661 3754 159.)
673 3720 702 3728 -
717 3693 760 3743 Sic
776 3702 862 3756 poetae
871 3694 971 3758 antiquo
980 3695 1083 3743 consilia
1092 3704 1117 3744 et
1125 3695 1253 3758 opiniones
1262 3695 1403 3744 tribuuntur

330 3785 360 3832 de
386 3783 473 3846 quihus
498 3795 529 3829 ne
555 3765 672 3844 unquam
686 3782 816 3830 somniavit
831 3782 942 3846 quidem:
958 3791 1025 3833 certo
1041 3799 1091 3832 non
1107 3785 1166 3834 satis
1183 3793 1237 3834 erat
1253 3785 1402 3848 expressisse

331 3871 394 3920 hanc
419 3871 573 3934 opinionem,
601 3885 664 3933 quae
688 3871 735 3919 nisi
757 3872 841 3921 solidis
864 3874 1018 3934 argumentis
1044 3873 1174 3933 fulciatur,
1191 3889 1329 3938 perpaucos
1344 3882 1402 3938 puto

331 3975 362 4008 cx
380 3961 506 4023 Euripidis
523 3960 655 4009 lectoribus
672 3960 777 4010 lautores
794 3970 898 4010 nactura
913 3969 957 4013 est.

363 4046 374 4077 ²
406 4049 472 4109 Quin
497 4049 540 4097 uhi
563 4058 654 4112 agetur
680 4064 732 4109 res,
756 4059 842 4118 utrum
867 4052 893 4100 in
918 4052 1094 4103 Chersonneso
1110 4069 1141 4102 an
1159 4055 1184 4102 in
1202 4054 1313 4117 Trojano
1330 4068 1401 4116 agro,

333 4150 381 4184 non
405 4145 513 4195 constat3
538 4136 570 4186 ef.
595 4154 631 4188 vs.
653 4141 686 4188 33
707 4155 743 4203 sq.
762 4156 817 4190 cnm
834 4155 870 4188 vs.
888 4143 936 4190 954
953 4150 979 4190 et
998 4144 1057 4191 llll
1077 4158 1129 4206 sqq.
1162 4144 1321 4207 Pflugkinm‚
1337 4144 1401 4205 cupi·

332 4225 399 4283 dius,
416 4234 444 4274 ut
460 4226 534 4284 solet,
551 4227 582 4276 sb
599 4229 719 4291 Euripide
735 4229 775 4278 hic
792 4245 889 4294 qnoque
906 4246 1004 4280 omnem
1021 4234 1118 4296 culpam
1130 4249 1246 4284 amovere
1257 4236 1401 4291 studentem,

332 4323 382 4362 tum
403 4315 504 4378 egregie
526 4332 566 4366 me
586 4316 669 4378 judice
686 4319 804 4377 refutavit
820 4319 851 4370 G.
869 4321 1028 4370 Hermannus
1045 4324 1070 4370 in
1087 4338 1144 4372 snae
1162 4324 1275 4374 editionis
1291 4323 1402 4387 prolege

334 4405 424 4464 menis,
441 4415 469 4453 ut
487 4406 577 4455 mirum
595 4407 615 4455 si
632 4408 686 4470 quis
704 4409 750 4456 sibi
768 4409 799 4457 ab
818 4423 846 4458 eo
863 4411 1005 4473 persuaderi
1022 4427 1071 4461 non
1088 4415 1201 4476 patiatur.
