<?xml version="1.0" encoding="UTF-8"?>
<!DOCTYPE html PUBLIC "-//W3C//DTD XHTML 1.0 Transitional//EN"
    "http://www.w3.org/TR/xhtml1/DTD/xhtml1-transitional.dtd">
<html xmlns="http://www.w3.org/1999/xhtml" xml:lang="en" lang="en">
 <head>
  <title>
</title>
<meta http-equiv="Content-Type" content="text/html;charset=utf-8" />
  <meta name='ocr-system' content='tesseract 3.04.00' />
  <meta name='ocr-capabilities' content='ocr_page ocr_carea ocr_par ocr_line ocrx_word'/>
</head>
<body>
  <div class='ocr_page' id='page_1' title='image "./specimenliterar02leeugoog_0048.png"; bbox 0 0 3150 5196; ppageno 0'>
   <div class='ocr_carea' id='block_1_1' title="bbox 704 400 744 459">
    <p class='ocr_par' dir='ltr' id='par_1_1' title="bbox 704 400 744 459">
     <span class='ocr_line' id='line_1_1' title="bbox 704 400 744 459; baseline 0 0"><span class='ocrx_word' id='word_1_1' title='bbox 704 400 744 459; x_wconf 72' lang='lat'>:33</span> 
     </span>
    </p>
   </div>
   <div class='ocr_carea' id='block_1_2' title="bbox 170 585 1284 3274">
    <p class='ocr_par' dir='ltr' id='par_1_2' title="bbox 179 585 1258 1578">
     <span class='ocr_line' id='line_1_2' title="bbox 183 585 1256 671; baseline 0 -21"><span class='ocrx_word' id='word_1_2' title='bbox 183 609 222 650; x_wconf 86' lang='lat' dir='ltr'>ex</span> <span class='ocrx_word' id='word_1_3' title='bbox 266 585 400 671; x_wconf 86' lang='lat' dir='ltr'>prologo</span> <span class='ocrx_word' id='word_1_4' title='bbox 440 590 518 650; x_wconf 86' lang='lat' dir='ltr'>nota</span> <span class='ocrx_word' id='word_1_5' title='bbox 549 585 687 661; x_wconf 85' lang='lat' dir='ltr'>habent3</span> <span class='ocrx_word' id='word_1_6' title='bbox 725 605 889 669; x_wconf 89' lang='lat' dir='ltr'>quumque</span> <span class='ocrx_word' id='word_1_7' title='bbox 929 585 1062 650; x_wconf 80' lang='lat' dir='ltr'>fatalem</span> <span class='ocrx_word' id='word_1_8' title='bbox 1105 593 1256 652; x_wconf 87' lang='lat' dir='ltr'>eventurn</span> 
     </span>
     <span class='ocr_line' id='line_1_3' title="bbox 182 697 1258 784; baseline 0.002 -22"><span class='ocrx_word' id='word_1_9' title='bbox 182 721 287 784; x_wconf 87' lang='lat' dir='ltr'>neque</span> <span class='ocrx_word' id='word_1_10' title='bbox 310 698 425 764; x_wconf 84' lang='lat' dir='ltr'>evitari</span> <span class='ocrx_word' id='word_1_11' title='bbox 448 720 553 784; x_wconf 92' lang='lat' dir='ltr'>neque</span> <span class='ocrx_word' id='word_1_12' title='bbox 574 697 695 762; x_wconf 89' lang='lat' dir='ltr'>mutari</span> <span class='ocrx_word' id='word_1_13' title='bbox 714 717 812 781; x_wconf 88' lang='lat' dir='ltr'>posse</span> <span class='ocrx_word' id='word_1_14' title='bbox 831 697 954 780; x_wconf 85' lang='lat' dir='ltr'>sciant,</span> <span class='ocrx_word' id='word_1_15' title='bbox 979 701 1070 784; x_wconf 87' lang='lat' dir='ltr'>parvi</span> <span class='ocrx_word' id='word_1_16' title='bbox 1086 699 1184 764; x_wconf 89' lang='lat' dir='ltr'>refert</span> <span class='ocrx_word' id='word_1_17' title='bbox 1195 722 1258 784; x_wconf 89' lang='lat' dir='ltr'>qua</span> 
     </span>
     <span class='ocr_line' id='line_1_4' title="bbox 181 809 1257 898; baseline 0.005 -25"><span class='ocrx_word' id='word_1_18' title='bbox 181 813 235 876; x_wconf 85' lang='lat' dir='ltr'>via</span> <span class='ocrx_word' id='word_1_19' title='bbox 266 835 303 877; x_wconf 91' lang='lat' dir='ltr'>eo</span> <span class='ocrx_word' id='word_1_20' title='bbox 339 812 477 898; x_wconf 86' lang='lat' dir='ltr'>denique</span> <span class='ocrx_word' id='word_1_21' title='bbox 500 810 715 896; x_wconf 86' lang='lat' dir='ltr'>perveniatur.</span> <span class='ocrx_word' id='word_1_22' title='bbox 766 809 926 895; x_wconf 85' lang='lat' dir='ltr'>Oedipus,</span> <span class='ocrx_word' id='word_1_23' title='bbox 951 833 1049 896; x_wconf 92' lang='lat' dir='ltr'>quem</span> <span class='ocrx_word' id='word_1_24' title='bbox 1072 813 1142 896; x_wconf 76' lang='lat' dir='ltr'>fata</span> <span class='ocrx_word' id='word_1_25' title='bbox 1164 835 1257 896; x_wconf 88' lang='lat' dir='ltr'>prae-</span> 
     </span>
     <span class='ocr_line' id='line_1_5' title="bbox 182 922 1257 1017; baseline 0.003 -30"><span class='ocrx_word' id='word_1_26' title='bbox 182 925 341 989; x_wconf 81' lang='lat' dir='ltr'>nunciant</span> <span class='ocrx_word' id='word_1_27' title='bbox 363 925 536 989; x_wconf 82' lang='lat' dir='ltr'>occisorem</span> <span class='ocrx_word' id='word_1_28' title='bbox 559 923 661 1006; x_wconf 87' lang='lat' dir='ltr'>patris</span> <span class='ocrx_word' id='word_1_29' title='bbox 685 922 753 986; x_wconf 84' lang='lat' dir='ltr'>fore</span> <span class='ocrx_word' id='word_1_30' title='bbox 777 923 1257 1017; x_wconf 84' lang='lat' dir='ltr'>etmatrisoonjugem,etian1</span> 
     </span>
     <span class='ocr_line' id='line_1_6' title="bbox 181 1037 1257 1124; baseline 0.001 -23"><span class='ocrx_word' id='word_1_31' title='bbox 181 1039 210 1101; x_wconf 90' lang='lat' dir='ltr'>si</span> <span class='ocrx_word' id='word_1_32' title='bbox 241 1059 307 1102; x_wconf 92' lang='lat' dir='ltr'>non</span> <span class='ocrx_word' id='word_1_33' title='bbox 337 1038 552 1124; x_wconf 85' lang='lat' dir='ltr'>ignoravisset</span> <span class='ocrx_word' id='word_1_34' title='bbox 585 1058 660 1101; x_wconf 88' lang='lat' dir='ltr'>suos</span> <span class='ocrx_word' id='word_1_35' title='bbox 696 1037 839 1120; x_wconf 85' lang='lat' dir='ltr'>natales,</span> <span class='ocrx_word' id='word_1_36' title='bbox 868 1047 977 1102; x_wconf 86' lang='lat' dir='ltr'>tamen</span> <span class='ocrx_word' id='word_1_37' title='bbox 1001 1038 1110 1124; x_wconf 88' lang='lat' dir='ltr'>aliqua</span> <span class='ocrx_word' id='word_1_38' title='bbox 1133 1039 1257 1105; x_wconf 88' lang='lat' dir='ltr'>ratione</span> 
     </span>
     <span class='ocr_line' id='line_1_7' title="bbox 179 1150 1256 1236; baseline 0 -20"><span class='ocrx_word' id='word_1_39' title='bbox 179 1152 356 1236; x_wconf 91' lang='lat' dir='ltr'>perductus</span> <span class='ocrx_word' id='word_1_40' title='bbox 389 1158 476 1217; x_wconf 90' lang='lat' dir='ltr'>esset</span> <span class='ocrx_word' id='word_1_41' title='bbox 506 1157 542 1216; x_wconf 84' lang='lat' dir='ltr'>ut</span> <span class='ocrx_word' id='word_1_42' title='bbox 574 1159 702 1234; x_wconf 83' lang='lat' dir='ltr'>patrem</span> <span class='ocrx_word' id='word_1_43' title='bbox 735 1150 912 1215; x_wconf 77' lang='lat' dir='ltr'>trucidaret</span> <span class='ocrx_word' id='word_1_44' title='bbox 942 1158 976 1216; x_wconf 88' lang='lat' dir='ltr'>et</span> <span class='ocrx_word' id='word_1_45' title='bbox 1006 1153 1120 1216; x_wconf 88' lang='lat' dir='ltr'>matris</span> <span class='ocrx_word' id='word_1_46' title='bbox 1148 1161 1256 1218; x_wconf 83' lang='lat' dir='ltr'>torum</span> 
     </span>
     <span class='ocr_line' id='line_1_8' title="bbox 180 1257 1256 1350; baseline 0 -19"><span class='ocrx_word' id='word_1_47' title='bbox 180 1267 426 1342; x_wconf 81' lang='lat' dir='ltr'>conscenderet3</span> <span class='ocrx_word' id='word_1_48' title='bbox 472 1257 673 1349; x_wconf 84' lang='lat' dir='ltr'>Hippolytus</span> <span class='ocrx_word' id='word_1_49' title='bbox 718 1272 827 1328; x_wconf 88' lang='lat' dir='ltr'>tamen</span> <span class='ocrx_word' id='word_1_50' title='bbox 867 1265 976 1350; x_wconf 85' lang='lat' dir='ltr'>aliquo</span> <span class='ocrx_word' id='word_1_51' title='bbox 1010 1266 1107 1329; x_wconf 90' lang='lat' dir='ltr'>ruodo</span> <span class='ocrx_word' id='word_1_52' title='bbox 1139 1267 1256 1332; x_wconf 90' lang='lat' dir='ltr'>misere</span> 
     </span>
     <span class='ocr_line' id='line_1_9' title="bbox 181 1378 1254 1466; baseline -0.001 -20"><span class='ocrx_word' id='word_1_53' title='bbox 181 1380 347 1465; x_wconf 87' lang='lat' dir='ltr'>periisset,</span> <span class='ocrx_word' id='word_1_54' title='bbox 372 1380 520 1466; x_wconf 86' lang='lat' dir='ltr'>quamvis</span> <span class='ocrx_word' id='word_1_55' title='bbox 544 1385 637 1463; x_wconf 82' lang='lat' dir='ltr'>peter</span> <span class='ocrx_word' id='word_1_56' title='bbox 661 1399 725 1442; x_wconf 90' lang='lat' dir='ltr'>nou</span> <span class='ocrx_word' id='word_1_57' title='bbox 749 1378 828 1442; x_wconf 88' lang='lat' dir='ltr'>diris</span> <span class='ocrx_word' id='word_1_58' title='bbox 851 1400 926 1443; x_wconf 90' lang='lat' dir='ltr'>eum</span> <span class='ocrx_word' id='word_1_59' title='bbox 950 1386 1134 1444; x_wconf 82' lang='lat' dir='ltr'>exsecratus</span> <span class='ocrx_word' id='word_1_60' title='bbox 1154 1389 1254 1462; x_wconf 89' lang='lat' dir='ltr'>esset,</span> 
     </span>
     <span class='ocr_line' id='line_1_10' title="bbox 180 1495 436 1578; baseline 0 -20"><span class='ocrx_word' id='word_1_61' title='bbox 180 1503 215 1558; x_wconf 87' lang='lat' dir='ltr'>et</span> <span class='ocrx_word' id='word_1_62' title='bbox 237 1495 283 1560; x_wconf 88' lang='lat' dir='ltr'>sio</span> <span class='ocrx_word' id='word_1_63' title='bbox 306 1515 400 1578; x_wconf 88' lang='lat' dir='ltr'>porro</span> <span class='ocrx_word' id='word_1_64' title='bbox 416 1495 436 1558; x_wconf 84' lang='lat'>¹.</span> 
     </span>
    </p>

    <p class='ocr_par' dir='ltr' id='par_1_3' title="bbox 170 1607 1284 3274">
     <span class='ocr_line' id='line_1_11' title="bbox 226 1607 1257 1692; baseline -0.002 -20"><span class='ocrx_word' id='word_1_65' title='bbox 226 1608 334 1673; x_wconf 89' lang='lat' dir='ltr'>Media</span> <span class='ocrx_word' id='word_1_66' title='bbox 357 1608 459 1692; x_wconf 85' lang='lat' dir='ltr'>igitur</span> <span class='ocrx_word' id='word_1_67' title='bbox 480 1607 533 1671; x_wconf 91' lang='lat' dir='ltr'>via</span> <span class='ocrx_word' id='word_1_68' title='bbox 556 1613 607 1672; x_wconf 87' lang='lat' dir='ltr'>est</span> <span class='ocrx_word' id='word_1_69' title='bbox 627 1607 788 1679; x_wconf 86' lang='lat' dir='ltr'>ineunda,</span> <span class='ocrx_word' id='word_1_70' title='bbox 814 1629 910 1692; x_wconf 87' lang='lat' dir='ltr'>quam</span> <span class='ocrx_word' id='word_1_71' title='bbox 934 1612 1043 1672; x_wconf 88' lang='lat' dir='ltr'>tarncu</span> <span class='ocrx_word' id='word_1_72' title='bbox 1066 1629 1132 1672; x_wconf 90' lang='lat' dir='ltr'>uon</span> <span class='ocrx_word' id='word_1_73' title='bbox 1151 1608 1257 1692; x_wconf 90' lang='lat' dir='ltr'>possit</span> 
     </span>
     <span class='ocr_line' id='line_1_12' title="bbox 180 1719 1256 1805; baseline -0.002 -19"><span class='ocrx_word' id='word_1_74' title='bbox 180 1727 289 1786; x_wconf 86' lang='lat' dir='ltr'>tenere</span> <span class='ocrx_word' id='word_1_75' title='bbox 324 1719 409 1802; x_wconf 89' lang='lat' dir='ltr'>nisi,</span> <span class='ocrx_word' id='word_1_76' title='bbox 450 1728 488 1783; x_wconf 90' lang='lat' dir='ltr'>ut</span> <span class='ocrx_word' id='word_1_77' title='bbox 520 1719 607 1802; x_wconf 82' lang='lat' dir='ltr'>dixi,</span> <span class='ocrx_word' id='word_1_78' title='bbox 641 1719 696 1803; x_wconf 90' lang='lat' dir='ltr'>qui</span> <span class='ocrx_word' id='word_1_79' title='bbox 728 1719 783 1802; x_wconf 84' lang='lat' dir='ltr'>pia</span> <span class='ocrx_word' id='word_1_80' title='bbox 815 1725 940 1801; x_wconf 92' lang='lat' dir='ltr'>mente,</span> <span class='ocrx_word' id='word_1_81' title='bbox 974 1740 1012 1783; x_wconf 86' lang='lat' dir='ltr'>ea</span> <span class='ocrx_word' id='word_1_82' title='bbox 1046 1742 1128 1805; x_wconf 88' lang='lat' dir='ltr'>quae</span> <span class='ocrx_word' id='word_1_83' title='bbox 1161 1741 1256 1784; x_wconf 87' lang='lat' dir='ltr'>nemo</span> 
     </span>
     <span class='ocr_line' id='line_1_13' title="bbox 170 1827 1255 1917; baseline 0 -19"><span class='ocrx_word' id='word_1_84' title='bbox 170 1827 285 1898; x_wconf 78' lang='lat' dir='ltr'>&#39;adhue</span> <span class='ocrx_word' id='word_1_85' title='bbox 316 1832 482 1897; x_wconf 77' lang='lat' dir='ltr'>intellexit</span> <span class='ocrx_word' id='word_1_86' title='bbox 514 1854 548 1896; x_wconf 91' lang='lat' dir='ltr'>se</span> <span class='ocrx_word' id='word_1_87' title='bbox 573 1851 701 1917; x_wconf 88' lang='lat' dir='ltr'>quoque</span> <span class='ocrx_word' id='word_1_88' title='bbox 723 1831 847 1896; x_wconf 86' lang='lat' dir='ltr'>nescire</span> <span class='ocrx_word' id='word_1_89' title='bbox 868 1831 1014 1916; x_wconf 86' lang='lat' dir='ltr'>patiens,</span> <span class='ocrx_word' id='word_1_90' title='bbox 1042 1833 1255 1899; x_wconf 88' lang='lat' dir='ltr'>nihilomiuus</span> 
     </span>
     <span class='ocr_line' id='line_1_14' title="bbox 179 1944 1257 2030; baseline 0.002 -20"><span class='ocrx_word' id='word_1_91' title='bbox 179 1947 301 2012; x_wconf 84' lang='lat' dir='ltr'>divinis</span> <span class='ocrx_word' id='word_1_92' title='bbox 333 1945 523 2011; x_wconf 89' lang='lat' dir='ltr'>numinibus</span> <span class='ocrx_word' id='word_1_93' title='bbox 549 1944 720 2008; x_wconf 88' lang='lat' dir='ltr'>hominurn</span> <span class='ocrx_word' id='word_1_94' title='bbox 744 1950 864 2010; x_wconf 87' lang='lat' dir='ltr'>sortem</span> <span class='ocrx_word' id='word_1_95' title='bbox 886 1944 956 2030; x_wconf 87' lang='lat' dir='ltr'>regi</span> <span class='ocrx_word' id='word_1_96' title='bbox 980 1946 1107 2029; x_wconf 84' lang='lat' dir='ltr'>credat,</span> <span class='ocrx_word' id='word_1_97' title='bbox 1130 1947 1187 2012; x_wconf 89' lang='lat' dir='ltr'>sed</span> <span class='ocrx_word' id='word_1_98' title='bbox 1210 1947 1257 2012; x_wconf 90' lang='lat' dir='ltr'>ita</span> 
     </span>
     <span class='ocr_line' id='line_1_15' title="bbox 179 2058 1284 2144; baseline 0.001 -20"><span class='ocrx_word' id='word_1_99' title='bbox 179 2066 218 2124; x_wconf 86' lang='lat' dir='ltr'>ut</span> <span class='ocrx_word' id='word_1_100' title='bbox 247 2059 346 2124; x_wconf 90' lang='lat' dir='ltr'>simul</span> <span class='ocrx_word' id='word_1_101' title='bbox 377 2058 583 2144; x_wconf 84' lang='lat' dir='ltr'>aliquatenus</span> <span class='ocrx_word' id='word_1_102' title='bbox 615 2058 706 2122; x_wconf 89' lang='lat' dir='ltr'>faber</span> <span class='ocrx_word' id='word_1_103' title='bbox 729 2079 806 2122; x_wconf 88' lang='lat' dir='ltr'>suae</span> <span class='ocrx_word' id='word_1_104' title='bbox 837 2058 974 2144; x_wconf 88' lang='lat' dir='ltr'>quisque</span> <span class='ocrx_word' id='word_1_105' title='bbox 998 2059 1148 2125; x_wconf 86' lang='lat' dir='ltr'>fortunae</span> <span class='ocrx_word' id='word_1_106' title='bbox 1173 2060 1217 2126; x_wconf 90' lang='lat' dir='ltr'>sit</span> <span class='ocrx_word' id='word_1_107' title='bbox 1230 2069 1284 2125; x_wconf 56' lang='lat' dir='ltr'>tl</span> 
     </span>
     <span class='ocr_line' id='line_1_16' title="bbox 181 2169 1265 2259; baseline -0.005 -20"><span class='ocrx_word' id='word_1_108' title='bbox 181 2172 217 2239; x_wconf 80' lang='lat' dir='ltr'>Si</span> <span class='ocrx_word' id='word_1_109' title='bbox 247 2195 284 2236; x_wconf 87' lang='lat' dir='ltr'>ea</span> <span class='ocrx_word' id='word_1_110' title='bbox 319 2193 411 2236; x_wconf 89' lang='lat' dir='ltr'>mens</span> <span class='ocrx_word' id='word_1_111' title='bbox 450 2170 550 2236; x_wconf 85' lang='lat' dir='ltr'>fuerit</span> <span class='ocrx_word' id='word_1_112' title='bbox 593 2169 715 2256; x_wconf 84' lang='lat' dir='ltr'>tragico</span> <span class='ocrx_word' id='word_1_113' title='bbox 755 2177 885 2256; x_wconf 86' lang='lat' dir='ltr'>poetae,</span> <span class='ocrx_word' id='word_1_114' title='bbox 925 2172 959 2235; x_wconf 92' lang='lat' dir='ltr'>in</span> <span class='ocrx_word' id='word_1_115' title='bbox 1002 2170 1071 2256; x_wconf 89' lang='lat' dir='ltr'>ejus</span> <span class='ocrx_word' id='word_1_116' title='bbox 1105 2174 1265 2259; x_wconf 87' lang='lat' dir='ltr'>operibus.</span> 
     </span>
     <span class='ocr_line' id='line_1_17' title="bbox 177 2284 1254 2372; baseline -0.001 -21"><span class='ocrx_word' id='word_1_117' title='bbox 177 2286 285 2351; x_wconf 85' lang='lat' dir='ltr'>fatum</span> <span class='ocrx_word' id='word_1_118' title='bbox 312 2287 373 2351; x_wconf 87' lang='lat' dir='ltr'>etsi</span> <span class='ocrx_word' id='word_1_119' title='bbox 397 2307 462 2349; x_wconf 93' lang='lat' dir='ltr'>nou</span> <span class='ocrx_word' id='word_1_120' title='bbox 486 2284 590 2367; x_wconf 89' lang='lat' dir='ltr'>absit,</span> <span class='ocrx_word' id='word_1_121' title='bbox 616 2306 681 2349; x_wconf 91' lang='lat' dir='ltr'>uon</span> <span class='ocrx_word' id='word_1_122' title='bbox 704 2284 802 2369; x_wconf 87' lang='lat' dir='ltr'>plane</span> <span class='ocrx_word' id='word_1_123' title='bbox 825 2291 917 2350; x_wconf 88' lang='lat' dir='ltr'>extra</span> <span class='ocrx_word' id='word_1_124' title='bbox 934 2285 1254 2372; x_wconf 91' lang='lat' dir='ltr'>homiueseritposi-</span> 
     </span>
     <span class='ocr_line' id='line_1_18' title="bbox 178 2396 1252 2483; baseline 0.002 -21"><span class='ocrx_word' id='word_1_125' title='bbox 178 2406 269 2480; x_wconf 88' lang='lat' dir='ltr'>tum,</span> <span class='ocrx_word' id='word_1_126' title='bbox 294 2399 349 2464; x_wconf 90' lang='lat' dir='ltr'>sed</span> <span class='ocrx_word' id='word_1_127' title='bbox 374 2396 483 2482; x_wconf 90' lang='lat' dir='ltr'>potius</span> <span class='ocrx_word' id='word_1_128' title='bbox 507 2397 541 2460; x_wconf 94' lang='lat' dir='ltr'>in</span> <span class='ocrx_word' id='word_1_129' title='bbox 565 2398 709 2480; x_wconf 89' lang='lat' dir='ltr'>ipsorum</span> <span class='ocrx_word' id='word_1_130' title='bbox 733 2396 918 2481; x_wconf 86' lang='lat' dir='ltr'>pectoribus</span> <span class='ocrx_word' id='word_1_131' title='bbox 942 2398 1035 2483; x_wconf 85' lang='lat' dir='ltr'>quasi</span> <span class='ocrx_word' id='word_1_132' title='bbox 1059 2399 1149 2464; x_wconf 88' lang='lat' dir='ltr'>nasci</span> <span class='ocrx_word' id='word_1_133' title='bbox 1162 2399 1252 2464; x_wconf 90' lang='lat' dir='ltr'>vide-</span> 
     </span>
     <span class='ocr_line' id='line_1_19' title="bbox 179 2508 1252 2598; baseline 0 -21"><span class='ocrx_word' id='word_1_134' title='bbox 179 2513 287 2577; x_wconf 91' lang='lat' dir='ltr'>bimus</span> <span class='ocrx_word' id='word_1_135' title='bbox 311 2516 344 2576; x_wconf 92' lang='lat' dir='ltr'>et</span> <span class='ocrx_word' id='word_1_136' title='bbox 362 2532 519 2592; x_wconf 88' lang='lat' dir='ltr'>crescere,</span> <span class='ocrx_word' id='word_1_137' title='bbox 540 2510 641 2574; x_wconf 90' lang='lat' dir='ltr'>donec</span> <span class='ocrx_word' id='word_1_138' title='bbox 652 2531 686 2574; x_wconf 88' lang='lat' dir='ltr'>se</span> <span class='ocrx_word' id='word_1_139' title='bbox 701 2508 852 2574; x_wconf 85' lang='lat' dir='ltr'>evolvens</span> <span class='ocrx_word' id='word_1_140' title='bbox 865 2510 1006 2575; x_wconf 87' lang='lat' dir='ltr'>adducat</span> <span class='ocrx_word' id='word_1_141' title='bbox 1021 2517 1252 2598; x_wconf 77' lang='grc' dir='ltr'>καταστροφήυ;</span> 
     </span>
     <span class='ocr_line' id='line_1_20' title="bbox 179 2622 1252 2709; baseline 0 -20"><span class='ocrx_word' id='word_1_142' title='bbox 179 2647 221 2689; x_wconf 88' lang='lat' dir='ltr'>ex</span> <span class='ocrx_word' id='word_1_143' title='bbox 248 2623 388 2709; x_wconf 86' lang='lat' dir='ltr'>ingeniis</span> <span class='ocrx_word' id='word_1_144' title='bbox 412 2624 582 2687; x_wconf 89' lang='lat' dir='ltr'>hominum</span> <span class='ocrx_word' id='word_1_145' title='bbox 605 2644 779 2707; x_wconf 88' lang='lat' dir='ltr'>eorumque</span> <span class='ocrx_word' id='word_1_146' title='bbox 803 2622 984 2688; x_wconf 81' lang='lat' dir='ltr'>actionibus</span> <span class='ocrx_word' id='word_1_147' title='bbox 1008 2632 1042 2688; x_wconf 91' lang='lat' dir='ltr'>et</span> <span class='ocrx_word' id='word_1_148' title='bbox 1064 2625 1179 2689; x_wconf 90' lang='lat' dir='ltr'>harum</span> <span class='ocrx_word' id='word_1_149' title='bbox 1203 2647 1252 2689; x_wconf 90' lang='lat' dir='ltr'>se-</span> 
     </span>
     <span class='ocr_line' id='line_1_21' title="bbox 179 2725 1252 2822; baseline -0.002 -20"><span class='ocrx_word' id='word_1_150' title='bbox 179 2736 284 2822; x_wconf 88' lang='lat' dir='ltr'>quelis</span> <span class='ocrx_word' id='word_1_151' title='bbox 316 2735 436 2800; x_wconf 89' lang='lat' dir='ltr'>orietur</span> <span class='ocrx_word' id='word_1_152' title='bbox 466 2743 579 2800; x_wconf 84' lang='lat' dir='ltr'>catena</span> <span class='ocrx_word' id='word_1_153' title='bbox 611 2733 765 2799; x_wconf 85' lang='lat' dir='ltr'>continua</span> <span class='ocrx_word' id='word_1_154' title='bbox 798 2725 967 2799; x_wconf 87' lang='lat' dir='ltr'>causarum</span> <span class='ocrx_word' id='word_1_155' title='bbox 997 2743 1030 2800; x_wconf 91' lang='lat' dir='ltr'>et</span> <span class='ocrx_word' id='word_1_156' title='bbox 1062 2733 1252 2813; x_wconf 83' lang='lat' dir='ltr'>effectuum3</span> 
     </span>
     <span class='ocr_line' id='line_1_22' title="bbox 179 2848 1254 2936; baseline -0.002 -20"><span class='ocrx_word' id='word_1_157' title='bbox 179 2860 214 2916; x_wconf 89' lang='lat' dir='ltr'>et</span> <span class='ocrx_word' id='word_1_158' title='bbox 248 2850 276 2915; x_wconf 89' lang='lat' dir='ltr'>si</span> <span class='ocrx_word' id='word_1_159' title='bbox 300 2849 438 2936; x_wconf 80' lang='lat' dir='ltr'>&#39;quaudo</span> <span class='ocrx_word' id='word_1_160' title='bbox 473 2855 627 2932; x_wconf 85' lang='lat' dir='ltr'>appareat</span> <span class='ocrx_word' id='word_1_161' title='bbox 660 2848 738 2912; x_wconf 87' lang='lat' dir='ltr'>deus</span> <span class='ocrx_word' id='word_1_162' title='bbox 769 2849 803 2912; x_wconf 91' lang='lat' dir='ltr'>in</span> <span class='ocrx_word' id='word_1_163' title='bbox 842 2871 953 2932; x_wconf 85' lang='lat' dir='ltr'>scena,</span> <span class='ocrx_word' id='word_1_164' title='bbox 989 2871 1053 2914; x_wconf 91' lang='lat' dir='ltr'>nou</span> <span class='ocrx_word' id='word_1_165' title='bbox 1086 2857 1254 2915; x_wconf 88' lang='lat' dir='ltr'>versutum</span> 
     </span>
     <span class='ocr_line' id='line_1_23' title="bbox 178 2959 1254 3050; baseline -0.001 -22"><span class='ocrx_word' id='word_1_166' title='bbox 178 2962 461 3050; x_wconf 83' lang='lat' dir='ltr'>praestigiatorem</span> <span class='ocrx_word' id='word_1_167' title='bbox 509 2981 567 3024; x_wconf 91' lang='lat' dir='ltr'>nos</span> <span class='ocrx_word' id='word_1_168' title='bbox 612 2959 720 3024; x_wconf 90' lang='lat' dir='ltr'>videre</span> <span class='ocrx_word' id='word_1_169' title='bbox 750 2962 959 3045; x_wconf 88' lang='lat' dir='ltr'>putabimus,</span> <span class='ocrx_word' id='word_1_170' title='bbox 994 2961 1052 3026; x_wconf 90' lang='lat' dir='ltr'>sed</span> <span class='ocrx_word' id='word_1_171' title='bbox 1082 2961 1254 3027; x_wconf 88' lang='lat' dir='ltr'>coelestem</span> 
     </span>
     <span class='ocr_line' id='line_1_24' title="bbox 178 3057 1251 3160; baseline -0.005 -16"><span class='ocrx_word' id='word_1_172' title='bbox 178 3099 311 3145; x_wconf 85' lang='lat' dir='ltr'>causam</span> <span class='ocrx_word' id='word_1_173' title='bbox 335 3097 445 3141; x_wconf 91' lang='lat' dir='ltr'>eorum</span> <span class='ocrx_word' id='word_1_174' title='bbox 471 3096 553 3160; x_wconf 88' lang='lat' dir='ltr'>quae</span> <span class='ocrx_word' id='word_1_175' title='bbox 572 3073 640 3158; x_wconf 87' lang='lat' dir='ltr'>jam</span> <span class='ocrx_word' id='word_1_176' title='bbox 656 3057 714 3159; x_wconf 79' lang='lat' dir='ltr'>per</span> <span class='ocrx_word' id='word_1_177' title='bbox 726 3080 833 3139; x_wconf 92' lang='lat' dir='ltr'>totum</span> <span class='ocrx_word' id='word_1_178' title='bbox 845 3075 958 3138; x_wconf 84' lang='lat' dir='ltr'>drama</span> <span class='ocrx_word' id='word_1_179' title='bbox 970 3096 1251 3160; x_wconf 82' lang='lat' dir='ltr'>conspexeramus,</span> 
     </span>
     <span class='ocr_line' id='line_1_25' title="bbox 179 3185 1250 3274; baseline -0.003 -18"><span class='ocrx_word' id='word_1_180' title='bbox 179 3189 272 3274; x_wconf 82' lang='lat' dir='ltr'>cujus</span> <span class='ocrx_word' id='word_1_181' title='bbox 295 3193 439 3274; x_wconf 79' lang='lat' dir='ltr'>potestas</span> <span class='ocrx_word' id='word_1_182' title='bbox 459 3185 552 3251; x_wconf 90' lang='lat' dir='ltr'>nobis</span> <span class='ocrx_word' id='word_1_183' title='bbox 577 3207 704 3252; x_wconf 88' lang='lat' dir='ltr'>sacrum</span> <span class='ocrx_word' id='word_1_184' title='bbox 728 3187 890 3272; x_wconf 89' lang='lat' dir='ltr'>quendam</span> <span class='ocrx_word' id='word_1_185' title='bbox 916 3187 1079 3252; x_wconf 88' lang='lat' dir='ltr'>horrorem</span> <span class='ocrx_word' id='word_1_186' title='bbox 1103 3187 1250 3253; x_wconf 85' lang='lat' dir='ltr'>incutiat.</span> 
     </span>
    </p>
   </div>
   <div class='ocr_carea' id='block_1_3' title="bbox 176 3449 1257 4232">
    <p class='ocr_par' dir='ltr' id='par_1_4' title="bbox 176 3449 1257 4232">
     <span class='ocr_line' id='line_1_26' title="bbox 214 3449 1254 3514; baseline -0.001 -12"><span class='ocrx_word' id='word_1_187' title='bbox 214 3451 223 3483; x_wconf 87' lang='lat'>¹</span> <span class='ocrx_word' id='word_1_188' title='bbox 256 3453 320 3502; x_wconf 91' lang='lat' dir='ltr'>Illud</span> <span class='ocrx_word' id='word_1_189' title='bbox 344 3451 494 3502; x_wconf 89' lang='lat' dir='ltr'>incommodi</span> <span class='ocrx_word' id='word_1_190' title='bbox 520 3451 600 3513; x_wconf 83' lang='lat' dir='ltr'>magis</span> <span class='ocrx_word' id='word_1_191' title='bbox 625 3450 700 3498; x_wconf 81' lang='lat' dir='ltr'>etiem</span> <span class='ocrx_word' id='word_1_192' title='bbox 717 3451 743 3498; x_wconf 89' lang='lat' dir='ltr'>iu</span> <span class='ocrx_word' id='word_1_193' title='bbox 760 3449 887 3513; x_wconf 86' lang='lat' dir='ltr'>Euripidis</span> <span class='ocrx_word' id='word_1_194' title='bbox 903 3465 976 3514; x_wconf 83' lang='lat' dir='ltr'>quarn</span> <span class='ocrx_word' id='word_1_195' title='bbox 994 3451 1018 3498; x_wconf 90' lang='lat' dir='ltr'>in</span> <span class='ocrx_word' id='word_1_196' title='bbox 1035 3459 1189 3500; x_wconf 84' lang='lat' dir='ltr'>caeterorum</span> <span class='ocrx_word' id='word_1_197' title='bbox 1206 3461 1254 3501; x_wconf 86' lang='lat' dir='ltr'>tru-</span> 
     </span>
     <span class='ocr_line' id='line_1_27' title="bbox 177 3540 1255 3607; baseline 0.001 -16"><span class='ocrx_word' id='word_1_198' title='bbox 177 3543 292 3607; x_wconf 87' lang='lat' dir='ltr'>gicorum</span> <span class='ocrx_word' id='word_1_199' title='bbox 318 3541 407 3590; x_wconf 81' lang='lat' dir='ltr'>subulis</span> <span class='ocrx_word' id='word_1_200' title='bbox 433 3541 540 3590; x_wconf 80' lang='lat' dir='ltr'>incurrit</span> <span class='ocrx_word' id='word_1_201' title='bbox 563 3542 588 3589; x_wconf 92' lang='lat' dir='ltr'>in</span> <span class='ocrx_word' id='word_1_202' title='bbox 613 3541 710 3599; x_wconf 85' lang='lat' dir='ltr'>oculos,</span> <span class='ocrx_word' id='word_1_203' title='bbox 736 3555 812 3604; x_wconf 88' lang='lat' dir='ltr'>quum</span> <span class='ocrx_word' id='word_1_204' title='bbox 836 3540 892 3598; x_wconf 90' lang='lat' dir='ltr'>ille,</span> <span class='ocrx_word' id='word_1_205' title='bbox 913 3551 942 3589; x_wconf 81' lang='lat' dir='ltr'>ut</span> <span class='ocrx_word' id='word_1_206' title='bbox 958 3541 1082 3604; x_wconf 85' lang='lat' dir='ltr'>Lessingii</span> <span class='ocrx_word' id='word_1_207' title='bbox 1099 3551 1156 3591; x_wconf 81' lang='lat' dir='ltr'>utar</span> <span class='ocrx_word' id='word_1_208' title='bbox 1172 3542 1255 3592; x_wconf 86' lang='lat' dir='ltr'>verbis</span> 
     </span>
     <span class='ocr_line' id='line_1_28' title="bbox 179 3631 1255 3696; baseline -0.004 -12"><span class='ocrx_word' id='word_1_209' title='bbox 179 3633 281 3696; x_wconf 78' lang='lat' dir='ltr'>(Humb.</span> <span class='ocrx_word' id='word_1_210' title='bbox 307 3633 422 3682; x_wconf 82' lang='lat' dir='ltr'>Drumet.</span> <span class='ocrx_word' id='word_1_211' title='bbox 439 3631 484 3680; x_wconf 63' lang='grc' dir='ltr'>ΝΟ.</span> <span class='ocrx_word' id='word_1_212' title='bbox 504 3632 555 3694; x_wconf 83' lang='grc'>48),</span> <span class='ocrx_word' id='word_1_213' title='bbox 573 3631 628 3679; x_wconf 88' lang='lat' dir='ltr'>“die</span> <span class='ocrx_word' id='word_1_214' title='bbox 646 3631 770 3693; x_wconf 84' lang='lat' dir='ltr'>Riihrung</span> <span class='ocrx_word' id='word_1_215' title='bbox 786 3631 825 3679; x_wconf 89' lang='lat' dir='ltr'>die</span> <span class='ocrx_word' id='word_1_216' title='bbox 842 3645 869 3678; x_wconf 90' lang='lat' dir='ltr'>er</span> <span class='ocrx_word' id='word_1_217' title='bbox 886 3631 1085 3694; x_wconf 83' lang='lat' dir='ltr'>hervorbringen</span> <span class='ocrx_word' id='word_1_218' title='bbox 1103 3633 1186 3682; x_wconf 85' lang='lat' dir='ltr'>wollte</span> <span class='ocrx_word' id='word_1_219' title='bbox 1202 3633 1255 3680; x_wconf 87' lang='lat' dir='ltr'>sich</span> 
     </span>
     <span class='ocr_line' id='line_1_29' title="bbox 178 3715 1256 3785; baseline 0.002 -15"><span class='ocrx_word' id='word_1_220' title='bbox 178 3723 267 3784; x_wconf 77' lang='lat' dir='ltr'>“nicht</span> <span class='ocrx_word' id='word_1_221' title='bbox 290 3723 382 3772; x_wconf 85' lang='lat' dir='ltr'>sowobl</span> <span class='ocrx_word' id='word_1_222' title='bbox 407 3721 542 3785; x_wconf 83' lang='lat' dir='ltr'>verspraeh</span> <span class='ocrx_word' id='word_1_223' title='bbox 569 3735 617 3768; x_wconf 83' lang='lat' dir='ltr'>von</span> <span class='ocrx_word' id='word_1_224' title='bbox 639 3722 694 3770; x_wconf 90' lang='lat' dir='ltr'>dem</span> <span class='ocrx_word' id='word_1_225' title='bbox 713 3736 763 3770; x_wconf 81' lang='lat' dir='ltr'>was</span> <span class='ocrx_word' id='word_1_226' title='bbox 780 3721 920 3784; x_wconf 80' lang='lat' dir='ltr'>geschohcn</span> <span class='ocrx_word' id='word_1_227' title='bbox 936 3721 1008 3770; x_wconf 78' lang='lat' dir='ltr'>sollte</span> <span class='ocrx_word' id='word_1_228' title='bbox 1025 3715 1062 3770; x_wconf 74' lang='lat' dir='ltr'>uls&#39;</span> <span class='ocrx_word' id='word_1_229' title='bbox 1078 3737 1127 3770; x_wconf 88' lang='lat' dir='ltr'>vou</span> <span class='ocrx_word' id='word_1_230' title='bbox 1143 3723 1188 3772; x_wconf 87' lang='lat' dir='ltr'>dor</span> <span class='ocrx_word' id='word_1_231' title='bbox 1205 3726 1256 3772; x_wconf 82' lang='lat' dir='ltr'>Art</span> 
     </span>
     <span class='ocr_line' id='line_1_30' title="bbox 178 3809 560 3874; baseline -0.008 -14"><span class='ocrx_word' id='word_1_232' title='bbox 178 3811 246 3860; x_wconf 82' lang='lat' dir='ltr'>“wie</span> <span class='ocrx_word' id='word_1_233' title='bbox 263 3826 289 3860; x_wconf 90' lang='lat' dir='ltr'>es</span> <span class='ocrx_word' id='word_1_234' title='bbox 305 3810 448 3874; x_wconf 84' lang='lat' dir='ltr'>geschohcu</span> <span class='ocrx_word' id='word_1_235' title='bbox 465 3809 560 3858; x_wconf 85' lang='lat' dir='ltr'>sollte.&#39;&#39;</span> 
     </span>
     <span class='ocr_line' id='line_1_31' title="bbox 214 3898 1257 3965; baseline 0.002 -17"><span class='ocrx_word' id='word_1_236' title='bbox 214 3899 226 3931; x_wconf 77' lang='lat'>²</span> <span class='ocrx_word' id='word_1_237' title='bbox 258 3899 505 3949; x_wconf 78' lang='lat' dir='ltr'>Pseudo-Sallustius</span> <span class='ocrx_word' id='word_1_238' title='bbox 529 3901 578 3963; x_wconf 83' lang='lat' dir='ltr'>Ep.</span> <span class='ocrx_word' id='word_1_239' title='bbox 602 3900 633 3947; x_wconf 82' lang='lat' dir='ltr'>ad</span> <span class='ocrx_word' id='word_1_240' title='bbox 658 3898 729 3948; x_wconf 83' lang='lat' dir='ltr'>Caes.</span> <span class='ocrx_word' id='word_1_241' title='bbox 760 3901 770 3947; x_wconf 96' lang='lat' dir='ltr'>l</span> <span class='ocrx_word' id='word_1_242' title='bbox 793 3917 798 3946; x_wconf 88' lang='lat'>:</span> <span class='ocrx_word' id='word_1_243' title='bbox 818 3901 838 3957; x_wconf 92' lang='lat' dir='ltr'>l,</span> <span class='ocrx_word' id='word_1_244' title='bbox 862 3901 890 3948; x_wconf 83' lang='lat'>2:</span> <span class='ocrx_word' id='word_1_245' title='bbox 917 3901 958 3947; x_wconf 87' lang='lat' dir='ltr'>“iu</span> <span class='ocrx_word' id='word_1_246' title='bbox 982 3901 1132 3949; x_wconf 85' lang='lat' dir='ltr'>carminibus</span> <span class='ocrx_word' id='word_1_247' title='bbox 1157 3903 1257 3965; x_wconf 76' lang='lat' dir='ltr'>Appia·</span> 
     </span>
     <span class='ocr_line' id='line_1_32' title="bbox 181 3987 1255 4058; baseline -0.001 -18"><span class='ocrx_word' id='word_1_248' title='bbox 181 3990 300 4052; x_wconf 76' lang='lat' dir='ltr'>[Crocus]</span> <span class='ocrx_word' id='word_1_249' title='bbox 327 3991 372 4046; x_wconf 85' lang='lat' dir='ltr'>ait,</span> <span class='ocrx_word' id='word_1_250' title='bbox 395 3989 493 4038; x_wconf 85' lang='lat' dir='ltr'>fabrum</span> <span class='ocrx_word' id='word_1_251' title='bbox 519 4003 573 4038; x_wconf 85' lang='lat' dir='ltr'>esse</span> <span class='ocrx_word' id='word_1_252' title='bbox 598 4003 656 4036; x_wconf 84' lang='lat' dir='ltr'>suae</span> <span class='ocrx_word' id='word_1_253' title='bbox 679 4003 801 4058; x_wconf 86' lang='lat' dir='ltr'>quemque</span> <span class='ocrx_word' id='word_1_254' title='bbox 826 3987 964 4038; x_wconf 80' lang='lat' dir='ltr'>fortunae.&#39;&#39;</span> <span class='ocrx_word' id='word_1_255' title='bbox 998 3989 1073 4039; x_wconf 88' lang='lat' dir='ltr'>Unde</span> <span class='ocrx_word' id='word_1_256' title='bbox 1100 3991 1141 4040; x_wconf 90' lang='lat' dir='ltr'>W.</span> <span class='ocrx_word' id='word_1_257' title='bbox 1158 3992 1255 4040; x_wconf 84' lang='lat' dir='ltr'>Teuffel</span> 
     </span>
     <span class='ocr_line' id='line_1_33' title="bbox 176 4076 1062 4143; baseline 0 -14"><span class='ocrx_word' id='word_1_258' title='bbox 176 4079 254 4129; x_wconf 81' lang='lat' dir='ltr'>Rom.</span> <span class='ocrx_word' id='word_1_259' title='bbox 272 4079 485 4143; x_wconf 82' lang='lat' dir='ltr'>Lirerarurgesch.</span> <span class='ocrx_word' id='word_1_260' title='bbox 502 4080 516 4140; x_wconf 79' lang='lat'>§</span> <span class='ocrx_word' id='word_1_261' title='bbox 532 4079 572 4137; x_wconf 85' lang='lat'>88,</span> <span class='ocrx_word' id='word_1_262' title='bbox 590 4081 606 4127; x_wconf 85' lang='lat'>5</span> <span class='ocrx_word' id='word_1_263' title='bbox 623 4078 688 4126; x_wconf 87' lang='lat' dir='ltr'>huuc</span> <span class='ocrx_word' id='word_1_264' title='bbox 704 4076 779 4126; x_wconf 80' lang='lat' dir='ltr'>elficit</span> <span class='ocrx_word' id='word_1_265' title='bbox 795 4079 934 4126; x_wconf 86' lang='lat' dir='ltr'>saturnium</span> <span class='ocrx_word' id='word_1_266' title='bbox 952 4094 1062 4129; x_wconf 84' lang='lat' dir='ltr'>versum:</span> 
     </span>
     <span class='ocr_line' id='line_1_34' title="bbox 392 4166 1043 4232; baseline 0.002 -17"><span class='ocrx_word' id='word_1_267' title='bbox 392 4167 459 4217; x_wconf 77' lang='lat' dir='ltr'>suber</span> <span class='ocrx_word' id='word_1_268' title='bbox 476 4171 534 4217; x_wconf 65' lang='lat' dir='ltr'>sude</span> <span class='ocrx_word' id='word_1_269' title='bbox 551 4168 663 4216; x_wconf 75' lang='lat' dir='ltr'>fortunae</span> <span class='ocrx_word' id='word_1_270' title='bbox 681 4195 711 4202; x_wconf 93' lang='lat'><em>-</em></span> <span class='ocrx_word' id='word_1_271' title='bbox 729 4166 897 4231; x_wconf 78' lang='lat' dir='ltr'>unusquisque</span> <span class='ocrx_word' id='word_1_272' title='bbox 915 4178 952 4217; x_wconf 80' lang='lat' dir='ltr'>est</span> <span class='ocrx_word' id='word_1_273' title='bbox 968 4169 1043 4232; x_wconf 45' lang='lat' dir='ltr'>ipsus,</span> 
     </span>
    </p>
   </div>
   <div class='ocr_carea' id='block_1_4' title="bbox 0 0 1580 5196">
    <p class='ocr_par' dir='ltr' id='par_1_5' title="bbox 0 0 1580 5196">
     <span class='ocr_line' id='line_1_35' title="bbox 0 0 1580 5196; baseline 0 1"><span class='ocrx_word' id='word_1_274' title='bbox 0 0 1580 5196; x_wconf 95' lang='lat' dir='ltr'> </span> 
     </span>
    </p>
   </div>
  </div>
 </body>
</html>
