3150 5196
730 381 768 442 81

204 552 402 655 Αἰγιαορέων
426 569 596 635 deducitur
618 591 638 633 a
662 568 808 634 Palladis
831 569 945 655 aegide
957 573 980 654 ¹,
1004 577 1037 636 et
1054 572 1143 638 Ionis
1165 595 1284 639 nomen

201 702 272 765 pro
293 669 463 766 participio
478 681 568 746 verbi
581 685 656 747 ἰέναι
672 681 810 746 habetur
818 687 842 760 ²3
861 681 1016 748 Zetonem
1032 683 1166 751 ἀπὸτοῦ
1181 685 1284 760 Ζητεῐν

201 797 321 868 τόπον,
344 793 564 878 Amphionem
583 797 632 860 ὅτι
647 797 680 860 ἐν
695 791 823 880 διόδῳῆ
840 798 887 860 ὅτι
899 793 976 882 ἀμφὶ
988 792 1067 862 ὁδὸν
1079 797 1176 861 αὐτὸν
1187 795 1284 861 ἔτεκεν

202 911 315 972 mater
335 907 551 992 appellavisse
573 905 693 972 dicitur
707 907 733 990 ³,
759 928 856 992 quam
872 907 1105 994 etymologiam
1121 929 1188 973 non
1201 907 1283 973 effu-

201 1017 299 1104 gisse
327 1019 441 1086 comici
470 1019 608 1104 sagittas
639 1018 744 1104 liquet
775 1040 816 1083 ex
845 1018 906 1084 hoc
936 1019 1007 1086 loco
1031 1019 1149 1104 veteris
1172 1041 1283 1105 gram·

202 1131 336 1198 malici:
360 1137 378 1198 ὁ
400 1129 432 1199 δὲ
453 1132 686 1220 Ἀριστοφάνης
707 1133 951 1215 κωμικενόμενος
966 1131 1050 1219 λέγει
1061 1129 1284 1219 ὅτιἊμφοδος

203 1245 321 1332 ὤφειλε
341 1244 492 1322 κληθῆναι
506 1244 528 1308 ⁴.
570 1243 633 1308 Per
666 1242 823 1328 frigidum
847 1242 957 1308 lusum
981 1242 1139 1329 Meleagri
1161 1265 1282 1309 nomen

202 1378 285 1423 curn
316 1356 408 1443 μελέᾳ
430 1357 513 1444 ἄγρᾳ
548 1351 721 1441 Oalydonii
756 1357 827 1440 apri
857 1357 1060 1422 connectitur
1076 1359 1100 1442 ⁶,
1124 1362 1159 1423 ct
1181 1379 1282 1443 equus

203 1469 364 1555 Trojanus
382 1475 516 1535 vocatur
540 1467 683 1557 δούρειος
700 1471 811 1559 ἵππος,
829 1471 967 1556 κρυπτὸν
984 1457 1155 1558 ἆμπισχῶν
1168 1467 1244 1556 δόρυ
1257 1469 1280 1535 ⁶.

221 1778 223 1780 -
242 1742 409 1801 Reoendores,
426 1746 562 1804 praeeunte
579 1739 610 1792 G.
628 1737 771 1800 Dindorfio,
788 1739 833 1788 hos
850 1752 938 1790 versus
954 1747 1069 1806 tanquam
1087 1742 1230 1794 subditicios
1246 1760 1284 1796 re-

197 1831 295 1894 jiciunt
318 1827 421 1892 (Bernh.
446 1828 480 1877 l.i.
504 1843 562 1892 pag.
587 1828 655 1891 482).
698 1827 747 1878 Sed
771 1842 819 1891 qno
841 1829 1031 1894 tandemjnre?
1063 1831 1176 1883 Versum
1192 1837 1243 1886 293
1259 1846 1285 1885 et

202 1927 350 1984 sequentem
373 1932 451 1984 usque
475 1919 537 1968 adeo
561 1932 634 1968 sensu
658 1932 743 1968 carere
760 1925 787 1967 ut
804 1932 834 1967 uc
851 1919 932 1969 iniimi
949 1919 1049 1984 quidem
1066 1923 1159 1972 ordinis
1176 1925 1283 1990 interpo-

202 2012 274 2060 lator
288 2009 322 2057 ita
338 2017 368 2058 ut
383 2023 450 2058 nunc
465 2009 560 2072 legitur
576 2007 684 2057 scribere
700 2008 823 2070 potuerit,
841 2016 901 2072 pute
916 2008 941 2057 in
958 2009 1069 2060 confesso
1085 2026 1145 2062 esse.
1168 2013 1195 2064 Si
1212 2014 1285 2078 hujus

201 2099 256 2149 ioci
278 2095 386 2162 corrupti
411 2096 545 2160 probabilis
569 2096 689 2146 correctio
714 2097 871 2146 inveniretur
895 2097 1054 2160 (παρέθηκ’
1081 2099 1109 2148 ἐν
1133 2101 1202 2165 τῷδ’,
1218 2103 1285 2166 quod

203 2189 343 2242 Schoenius
366 2188 392 2236 in
416 2203 461 2237 sua
485 2185 594 2236 editione
620 2186 718 2250 scripsit
742 2202 791 2236 non
817 2187 920 2247 sufficit,
948 2201 1026 2252 quum
1050 2190 1190 2253 genitivum
1211 2191 1283 2241 illum

197 2266 428 2344 ‘'Hpar'intcctum
453 2276 594 2342 reliquerit)
618 2275 681 2326 nihil
705 2276 745 2326 hic
769 2277 881 2328 viderem
905 2279 971 2342 qnod
992 2278 1023 2327 ab
1039 2280 1165 2344 Euripidis
1182 2281 1284 2345 ingenio

202 2368 344 2418 abhorreat.
548 2367 551 2371 “
1009 2345 1016 2364 ⁸

241 2455 250 2488 ¹
283 2457 338 2506 Ion.
354 2471 391 2506 vs.
409 2455 484 2506 1580:
502 2453 562 2520 ἐμῆς
579 2453 601 2504 δ’
619 2454 667 2504 ἀπ’
684 2455 782 2520 αἰγίδος
798 2455 940 2522 Αἰγικορῆς.
958 2457 1048 2508 Nescio
1059 2465 1143 2509 utrum
1152 2459 1192 2509 hic
1199 2463 1281 2525 magis

204 2547 235 2596 in
258 2553 330 2610 poeta
353 2545 461 2595 demirer
481 2545 679 2607 intempestivam
696 2543 841 2594 eruditionis
856 2546 1056 2608 ostentationem,
1074 2561 1150 2612 quum
1166 2549 1282 2602 mametis

203 2635 251 2686 fini
265 2642 347 2686 assuat
362 2634 475 2684 laciniam
493 2633 718 2697 archacoiogicam,
730 2649 840 2698 pannum
851 2649 899 2684 non
910 2650 1065 2701 purpureum
1075 2637 1120 2686 sed
1127 2635 1281 2700 pulvereum,

204 2739 240 2774 an
264 2724 363 2774 criticae
388 2722 512 2774 facultatis
527 2721 659 2785 inopiam,
684 2737 761 2786 quum
785 2721 826 2774 vel
849 2723 877 2772 in
900 2730 951 2774 tarn
975 2724 1107 2776 manifesta
1130 2725 1283 2791 etymologia

202 2811 302 2862 titubet.

239 2901 251 2934 ²
283 2903 337 2953 Ion.
354 2917 390 2952 vs.
407 2903 454 2952 661
472 2916 524 2965 sqq.
542 2898 644 2951 Xuthus
661 2900 697 2950 sic
712 2899 833 2964 loquitur:

427 2989 507 3040 Ἴωνα
523 2989 545 3040 d'
562 2990 678 3056 ὀνομάζω
696 3007 732 3051 σε,
750 2992 784 3055 τῇ
800 2990 866 3056 τύχῃ
883 2989 990 3056 πρέπον,
1030 2981 1033 2986 ’

434 3078 545 3130 ὁθούνεκ’
564 3079 666 3130 α’δύτων
678 3079 769 3136 ἐξιόντι
784 3097 827 3144 μοι
843 3080 901 3130 θεοῦ

432 3169 505 3234 ἲχνος
522 3168 638 3233 {uscidae
655 3172 764 3234 πρῶτος.

238 3258 271 3310 In
287 3260 333 3309 hac
348 3267 432 3309 tamen
447 3257 599 3308 derivatione
615 3263 651 3306 est
662 3271 706 3306 cur
719 3257 863 3316 conniveas3
879 3254 972 3306 scilicet
985 3257 1131 3322 ipsaiabula
1140 3261 1171 3309 de
1180 3260 1282 3311 Phoebo

205 3349 321 3400 Xuthum
342 3349 444 3412 jubente
468 3355 497 3398 ut
523 3360 569 3411 pro
592 3345 644 3396 filio
662 3348 769 3409 adoptet
789 3345 832 3410 qui
852 3345 899 3394 eibi
915 3361 929 3396 c
944 3347 1037 3410 templo
1055 3349 1172 3398 redeunti
1188 3349 1283 3414 primus

205 3439 295 3489 obvius
317 3439 401 3498 fieret,
426 3437 466 3501 (ci.
491 3452 528 3487 vs.
551 3437 601 3486 tao
625 3437 701 3502 squ),
727 3434 827 3486 videtur
851 3435 926 3487 fuisse
941 3437 1045 3488 conficta
1060 3437 1282 3504 adssexplicandum

205 3543 299 3579 nomen
316 3529 392 3579 Ionis.
999 3557 1001 3562 ,

239 3615 251 3646 ⁸
283 3616 377 3682 Hygia.
393 3616 441 3666 fab.
457 3617 480 3669 7.
491 3615 714 3666 -Valckenarius
732 3615 815 3665 Diatr.
831 3627 885 3678 cap.
901 3617 917 3668 7
933 3616 965 3665 de
982 3615 1094 3682 Antiope
1105 3616 1189 3667 fabula
1199 3632 1283 3682 agens,

205 3705 328 3766 “nollem,
352 3706 445 3771 inquit,
470 3705 509 3754 his
526 3705 626 3770 ineptiis
642 3704 750 3768 tragicus
766 3704 888 3754 eximium
905 3704 968 3754 illud
984 3718 1056 3756 suum
1072 3708 1158 3757 drana
1179 3709 1282 3758 dcdcco·
1311 3769 1313 3773 v

206 3799 328 3846 “mut

241 3883 251 3915 ⁴
283 3882 391 3949 Etymoi.
413 3898 496 3948 magn.
513 3897 572 3948 pag.
589 3884 629 3934 92.
647 3909 678 3920 -
694 3883 806 3934 Versum
822 3883 999 3946 Aristophanis
1015 3883 1283 3950 esecundisThesmo·
1316 3884 1318 3893 ’

206 3974 361 4038 phoriazusis
377 3974 478 4039 praebet
494 3973 588 4024 Pollux
604 3975 633 4032 9,
655 3973 701 4022 36:

267 4063 397 4130 Ἀμροὸον
412 4064 490 4129 ἐχρῆν
506 4065 578 4128 αὐτῷ
593 4063 706 4113 τίθεσθαι
722 4061 835 4127 τοῦνομα
852 4062 943 4125 (Arist.
960 4061 1050 4127 fragm.
1067 4063 1145 4114 Dind.
1161 4065 1229 4126 304).

241 4150 251 4184 ¹
285 4151 424 4217 Μελέαγρε,
448 4151 543 4216 μελέαν
567 4151 615 4217 γάρ
643 4150 702 4202 ποτ’
728 4149 841 4216 dypticis
866 4151 957 4216 ἄγραν.
991 4153 1077 4216 Etym.
1106 4166 1190 4216 magn.
1211 4152 1237 4201 in
1259 4169 1284 4206 ν,

207 4241 371 4304 Meleager
393 4240 493 4306 (fragm.
510 4239 587 4292 Dind.
603 4240 673 4304 521).
704 4240 759 4291 Hoc
774 4245 941 4290 commentum
958 4254 990 4290 ne
1006 4241 1067 4304 ipsis
1082 4241 1183 4306 quidem
1202 4256 1284 4306 gram·

208 4329 307 4379 maticis
322 4331 405 4393 potuit
420 4331 530 4394 placere,
547 4337 609 4380 teste
625 4329 706 4380 Beki.
724 4330 818 4380 Anecd.
835 4343 892 4393 pag.
912 4329 982 4378 1163.
1227 4319 1228 4322 ’

242 4417 253 4450 ⁸
287 4418 377 4470 Troad.
395 4435 431 4469 vs.
451 4422 488 4469 lt.

1133 4515 1151 4576 t
