3180 5196
762 396 804 457 89

250 591 351 660 teneri
386 587 555 673 sanctique
581 581 717 664 amoris,
751 578 809 644 sed
840 576 969 643 ardores
988 575 1164 662 juvenum,
1186 573 1267 660 quin
1289 578 1323 640 at

249 704 460 785 maritorum,
481 698 591 786 potius
610 696 814 760 hetaerarum
826 689 1055 757 consuetudini
1066 687 1320 755 reservabantur.

251 819 368 885 Castus
391 815 493 900 igitur
512 811 598 876 inter
612 828 769 893 sponsum
782 825 999 891 sponsamque
1009 803 1062 870 vel
1073 803 1159 868 inter
1169 801 1323 888 conjuges

250 951 340 996 amor
370 948 486 1013 parum
523 929 644 1009 aptam,
678 919 878 986 meretricius
913 938 1006 1002 veru,
1037 915 1147 981 licitus
1171 914 1234 981 etsi
1257 936 1324 980 non

250 1041 436 1128 legitimus,
461 1057 578 1123 pamm
601 1035 736 1120 dignam
760 1030 935 1117 praebebat
957 1028 1124 1094 materiem
1137 1049 1235 1116 quam
1248 1028 1325 1098 serii

251 1161 365 1242 poetae
388 1155 549 1218 canerent
575 1147 688 1231 Neque
712 1145 802 1210 salva
818 1142 985 1228 republica
995 1140 1066 1225 illa,
1083 1163 1165 1227 quae
1182 1147 1326 1207 creverat

251 1288 309 1352 per
331 1262 450 1330 civium
474 1260 572 1326 robur
594 1264 628 1324 et
650 1279 784 1340 nervos,
808 1254 979 1321 videbatur
992 1253 1166 1319 mulierum
1180 1253 1326 1320 conditio
1385 1290 1387 1295 ·

251 1375 372 1444 mutari
381 1395 486 1461 posse.
510 1373 657 1438 Mascula
669 1376 777 1437 autem
791 1377 824 1436 et
836 1391 947 1436 severa
958 1368 1125 1454 tragoedia
1132 1368 1325 1454 Aeschyleo,

253 1512 351 1578 quam
375 1487 517 1555 comicus
541 1485 635 1552 unice
657 1484 816 1571 probabat
838 1489 872 1549 et
895 1481 1181 1550 civitatiducebat
1199 1482 1326 1565 utilem,

166 1675 170 1680 ,
252 1625 319 1670 nou
353 1599 491 1686 majores
525 1597 716 1663 mulieribus
750 1595 909 1661 tribuerat
930 1603 1038 1680 partes
1063 1616 1161 1680 qnam
1184 1616 1264 1680 quas
1293 1595 1328 1660 in

252 1717 326 1803 ipsu
346 1714 415 1780 vita
426 1710 576 1798 agebant.
604 1711 670 1775 Σὸν
683 1705 709 1774 δ’
720 1706 758 1773 αὖ
769 1709 804 1772 τὸ
816 1711 911 1794 σιγᾶν
923 1711 972 1772 καὶ
983 1711 1083 1791 μένειν
1095 1706 1167 1773 εἴσω
1179 1704 1286 1791 δόμων
1298 1709 1326 1766 ¹:

252 1830 332 1895 haec
365 1826 461 1893 verba
495 1820 639 1888 Eteoclis
662 1819 704 1885 ad
726 1819 863 1884 chorum
892 1818 1120 1884 Thebanorum
1140 1819 1327 1906 mulierum,

253 1943 333 2010 dnm
356 1938 430 2007 urbi
451 1934 757 2022 appropinquabant
779 1933 891 1998 hortea
915 1933 1180 2017 lamentantium,
1201 1933 1328 2020 egregie

254 2054 444 2141 exprimunt
477 2049 557 2137 quid
591 2046 773 2132 Aeschylus
806 2047 849 2112 'de
882 2068 964 2112 sexu
997 2045 1152 2114 debiliore
1179 2047 1327 2114 senserit.

256 2147 341 2235 (lum
374 2188 411 2233 eo
445 2169 556 2230 autem
579 2159 718 2228 faciebat
741 2158 999 2244 Aristophanes,
1024 2158 1165 2225 novitati
1188 2159 1328 2226 infestus

254 2288 291 2348 et
324 2277 527 2345 mollioribus
561 2272 663 2340 animi
697 2271 846 2337 sensibus
882 2292 945 2336 non
981 2271 1029 2336 ita
1053 2271 1202 2357 pervius,
1228 2294 1328 2359 quum

256 2368 454 2481 praesertim*
470 2390 599 2455 timeret
621 2408 662 2451 ne
684 2407 741 2471 per
764 2406 873 2450 musas
895 2384 1087 2470 Euripideas
1108 2407 1197 2451 amor
1211 2386 1329 2471 juven-

258 2504 324 2572 tuti
346 2499 543 2568 Atheniensi
558 2498 839 2567 commendaretur
851 2503 1007 2581 tanquam
1020 2519 1069 2562 res
1081 2499 1186 2564 multo
1199 2499 1329 2584 majoris

256 2614 416 2684 momenti
439 2634 536 2699 quam
560 2634 579 2677 a
600 2609 748 2696 patribus
772 2609 903 2674 habitus
926 2615 1019 2675 esset.

304 2729 394 2794 Haec
417 2725 527 2791 omnia
549 2724 578 2789 si
591 2724 672 2789 bens
683 2721 933 2809 perpendimus,
951 2722 998 2788 ita
1009 2744 1109 2809 prope
1121 2725 1331 2791 statuendum

260 2843 339 2910 erit:
376 2836 616 2906 accusationem
650 2836 690 2900 de
723 2856 788 2920 qua
822 2856 907 2900 nunc
939 2836 1068 2921 agimus
1099 2838 1205 2922 prima
1226 2838 1332 2904 fronte

260 2955 357 3042 plane
392 2951 511 3018 falsam
545 2947 666 3030 videri,
686 2969 758 3034 ,nec
781 2968 891 3012 revera
913 2947 954 3013 ab
978 2948 1067 3013 omni
1090 2956 1182 3035 parte
1204 2951 1333 3036 probari

261 3087 375 3154 posse;
399 3064 456 3131 sed
480 3070 610 3144 tamen,
635 3059 731 3125 modo
753 3068 840 3126 recte
852 3059 1049 3146 explicetur,
1063 3061 1204 3127 multum
1216 3062 1333 3128 habere

261 3202 324 3268 quo
358 3200 393 3244 se
427 3183 577 3259 tueatur,
613 3181 664 3258 et,
701 3173 729 3238 si
759 3179 798 3238 ut
820 3196 879 3261 par
906 3180 957 3240 est
974 3173 1139 3257 judicetur
1162 3197 1202 3242 ex
1225 3183 1334 3241 mente

263 3291 505 3378 Aristophanis,
544 3287 628 3354 nihil
651 3293 736 3352 certe
758 3287 865 3353 inesse
891 3288 1081 3355 calumniae.
1108 3289 1202 3370 Quod
1224 3297 1333 3356 autem

262 3407 381 3474 attinet
404 3405 448 3470 ad
470 3403 559 3470 istud
582 3401 756 3467 mulierum
778 3401 891 3467 odium
914 3402 1001 3468 uude
1024 3409 1074 3468 tot
1089 3403 1173 3470 risus
1180 3403 1335 3491 jocosque

263 3522 357 3588 duxit
391 3517 647 3603 Aristophanes,
669 3515 705 3580 id
728 3515 860 3600 quidam
877 3515 949 3600 j'am
969 3517 1212 3605 perspeximus,
1237 3519 1334 3586 Euri-

263 3634 383 3721 pidem,
420 3634 447 3698 si
478 3631 589 3696 oderat
612 3628 781 3712 mulieres,
807 3628 923 3695 saltem
947 3651 1000 3695 eas
1025 3653 1090 3696 non
1114 3633 1333 3700 contemsisse.

264 3748 311 3812 At
343 3747 450 3832 ipsum
486 3743 568 3808 illud
593 3741 703 3807 odium
732 3763 798 3806 non
822 3741 998 3808 admodum
1020 3746 1129 3830 potuit
1151 3769 1221 3814 esse
1244 3771 1335 3833 acre,

265 3865 349 3926 certe
372 3879 437 3922 non
460 3856 626 3942 pertinax,
651 3874 751 3939 quum
775 3859 826 3918 tot
844 3854 993 3921 heroinas
1016 3857 1225 3927 celebraverit
1247 3861 1337 3927 omni

265 3971 361 4038 laude
395 3970 520 4057 dignas.
554 3966 714 4055 ,Notabile
744 3969 827 4032 mihi
851 3969 978 4036 videtur
985 4019 995 4056 ,
1020 3994 1094 4039 eum
1117 3974 1152 4040 in
1175 3976 1336 4061 prioribus

266 4069 390 4151 fabulis*
408 4083 553 4168 (Medea,
580 4080 776 4168 Hippolyto)
801 4081 905 4148 multo
929 4083 1151 4154 vehementius
1171 4089 1281 4159 invehi
1301 4093 1355 4158 in-

267 4198 418 4267 mulieres
442 4215 539 4281 qnam
564 4193 597 4258 in
620 4193 661 4258 iis
681 4215 761 4278 quas
778 4194 1008 4263 maturioribus
1022 4200 1117 4266 annis
1136 4207 1335 4290 composuit;

269 4366 484 4381 ρῳ..-

303 4448 309 4479 ¹
329 4445 421 4496 Aeach.
439 4447 506 4509 Sept.
525 4459 545 4493 c.
564 4445 645 4511 Theb.
663 4461 698 4494 vs.
716 4447 773 4494 232.
