3150 5196
801 395 842 454 44

284 575 398 642 cienda
431 575 611 660 praebetis,
646 579 788 658 caetera,
823 575 914 640 illinc
946 575 1184 661 quodammodo
1215 583 1364 656 remota,

284 711 382 754 manu
414 688 533 753 leviore
559 687 715 754 tractatis.
764 689 877 774 Neque
901 687 935 752 iu
959 688 1031 754 luce
1054 693 1087 754 et
1109 689 1225 753 umbra
1247 689 1365 775 dispo-

284 801 400 866 nendis
424 800 595 886 quicquam
622 801 714 866 vobis
738 800 865 866 cautius
882 801 1006 866 vitatur
1020 823 1118 887 quam
1130 801 1249 866 vitium
1261 801 1362 886 illud,

283 915 369 1001 quod
393 913 563 980 vernacule
586 913 716 998 propria
737 935 813 980 rroce
828 917 836 955 ¹
850 912 1045 999 appellatis,
1065 914 1202 980 Latinae
1216 916 1364 982 versioni

283 1027 392 1094 miuus
433 1036 510 1114 apta
552 1027 610 1093 sed
648 1049 717 1093 rem
751 1027 890 1112 perbene
921 1028 1124 1112 exprimente
1159 1028 1234 1106 (nec
1272 1029 1363 1093 male

284 1140 514 1207 nonnullarum
550 1140 717 1226 Euripidis
741 1139 926 1205 fabularum
949 1141 1104 1205 mendum
1129 1140 1359 1227 designante),

282 1277 346 1341 quo
369 1253 455 1320 oculi
479 1252 667 1334 turbantur,
692 1251 821 1317 nullum
845 1250 951 1317 locum
977 1251 1180 1318 invenientes
1202 1274 1265 1339 quo
1280 1275 1361 1338 prae

282 1367 415 1434 caeteris
439 1366 626 1432 alliciantur
649 1371 682 1430 et
704 1365 760 1430 ubi
784 1364 996 1451 requiescant.
1045 1365 1170 1432 Eadem
1196 1366 1307 1431 valent
1318 1367 1362 1432 de

283 1483 323 1546 iis
355 1501 482 1567 quoque
516 1478 595 1544 artis
630 1478 780 1564 operibus
814 1499 896 1564 quae
927 1501 993 1544 non
1016 1479 1118 1544 oculis
1143 1481 1201 1545 sed
1223 1479 1360 1545 auribus

283 1597 334 1661 vel
368 1594 467 1662 etiam
504 1593 574 1658 sola
607 1602 716 1658 mente
740 1592 984 1677 percipiuntur,
1009 1592 1159 1678 inprimis
1184 1600 1293 1658 antem
1318 1594 1361 1659 de

282 1716 351 1774 arte
374 1708 517 1794 tragica,
544 1728 642 1794 quam
666 1713 822 1772 vocarunt
844 1707 1006 1793 picturam
1030 1728 1047 1772 e
1071 1707 1178 1772 verbis
1203 1711 1359 1772 constan-

282 1831 368 1906 tem,
406 1805 452 1886 ut
477 1819 599 1905 pictam
632 1818 779 1884 tabulam
813 1840 929 1904 poema
961 1818 1121 1884 coloribus
1155 1841 1356 1904 expressum.

283 1934 358 2000 Una
396 1934 441 1998 sit
472 1954 541 2016 res,
578 1953 663 1997 unus
698 1930 800 2016 μῦθος
831 1932 887 2018 qui
910 1938 1043 2018 agatur,
1068 1953 1133 1996 uua
1155 1953 1293 2016 persona
1316 1932 1360 1997 ad

281 2067 379 2133 quam
410 2044 582 2130 praecipue
613 2043 658 2108 sit
687 2043 941 2126 attendendum,
974 2052 1007 2109 et
1030 2043 1121 2129 cujus
1145 2066 1239 2110 casus
1263 2045 1359 2111 nobis

280 2158 369 2224 cordi
380 2157 463 2236 sint3
478 2157 641 2243 “denique
653 2155 698 2222 sit
709 2155 838 2243 quidvis
850 2156 990 2242 simplex
1002 2156 1164 2223 duntaxat
1175 2165 1209 2222 et
1221 2159 1359 2223 nnnm.''

282 2271 317 2337 Si
347 2271 411 2337 duo
438 2271 559 2337 mortui
592 2269 691 2334 simul
721 2275 799 2333 suut
819 2267 988 2353 plorandi,
1012 2275 1122 2370 utrum
1146 2270 1255 2355 potius
1278 2270 1360 2335 flea-

280 2407 353 2450 mus
377 2385 547 2450 haeremus
572 2380 687 2447 incerti
710 2387 743 2446 et
755 2381 891 2447 fortasse
906 2382 1049 2448 lacrimis
1067 2383 1200 2448 omnino
1211 2382 1358 2450 abstine-

280 2497 397 2562 bimus.
447 2496 483 2563 Si
514 2497 623 2581 plures
660 2501 737 2560 suut
770 2495 943 2579 amandae,
978 2496 1206 2580 admirandae,
1238 2497 1359 2562 abhor-

280 2611 398 2675 rendae
431 2610 571 2694 tragicae
602 2628 775 2694 personae,
800 2607 892 2674 nulla
914 2610 1046 2694 penitus
1071 2616 1185 2696 tanget
1207 2616 1357 2678 nostrum

280 2721 444 2804 animum,
478 2729 510 2786 et
543 2720 678 2786 affectus
712 2720 745 2783 in
777 2721 871 2786 nobis
902 2722 1089 2787 evocabitnr
1112 2728 1170 2787 aut
1192 2722 1273 2787 levis
1298 2731 1359 2788 aut

221 2915 224 2922 r
280 2835 399 2900 nullus.
450 2835 527 2901 Una
550 2838 620 2898 esto
644 2853 725 2917 qnae
748 2833 870 2917 primas
898 2855 1007 2898 revera
1030 2842 1109 2919 agat
1128 2842 1249 2920 partes,
1264 2835 1359 2900 nulla

279 2948 393 3015 relicta
421 2945 626 3014 dubitatione
655 2966 765 3010 aunon
790 2944 870 3011 duos
893 2946 945 3012 vel
969 2947 1079 3031 plures
1103 2946 1203 3012 etiam
1228 2954 1356 3034 specte-

279 3082 353 3126 mus
376 3059 655 3148 πρωτογωνιστάς.
700 3085 702 3089 ·

326 3174 398 3239 Hac
430 3173 464 3236 in
488 3192 522 3236 re
545 3192 638 3236 verus
662 3177 759 3256 poeta
779 3192 845 3236 uon
868 3172 974 3257 magis
996 3173 1116 3239 errabit
1138 3195 1236 3258 quam
1260 3195 1357 3239 verus

279 3289 384 3376 pictor
418 3285 469 3351 vel
502 3283 656 3349 musicus.
706 3283 755 3349 Ut
786 3304 890 3348 unum
920 3285 1055 3350 seminis
1084 3307 1223 3371 granum
1254 3297 1358 3351 terrae

280 3399 511 3481 commissum,
541 3396 598 3461 ubi
625 3397 747 3462 radices
771 3397 858 3482 egit,
882 3397 917 3461 in
940 3397 1063 3464 multos
1086 3398 1229 3464 ramulos
1252 3398 1357 3483 pluri-

280 3532 413 3597 mosque
445 3509 563 3574 florum
595 3508 718 3592 calyces
752 3531 786 3574 se
814 3509 989 3596 diffundit,
1014 3511 1060 3577 sic
1083 3511 1118 3575 in
1141 3489 1357 3577 animo'boui

280 3624 414 3694 artificis
440 3621 610 3704 materies,
635 3644 733 3707 quam
758 3622 821 3688 sibi
844 3623 962 3708 elegit,
980 3624 1073 3710 qnasi
1089 3623 1195 3710 surgit
1207 3631 1241 3689 et
1254 3646 1355 3710 auge-

280 3739 359 3822 scit,
384 3743 460 3824 post
481 3736 565 3799 inter
589 3734 795 3800 tractandum
822 3737 937 3802 crescit
959 3737 993 3801 in
1016 3759 1096 3822 opus
1107 3738 1253 3823 plenum,
1267 3737 1355 3802 mul-

280 3852 401 3938 tiplex,
437 3869 576 3933 magnae
609 3846 746 3912 fortasse
780 3848 1026 3933 amplitudinis,
1063 3851 1119 3915 sed
1150 3849 1198 3915 ita
1227 3871 1355 3936 qnoque

279 3966 364 4029 inter
398 3984 432 4028 se
466 3960 656 4044 cohaerens,
690 3966 723 4025 et
753 3967 821 4026 tam
859 3962 1108 4049 “prodigialiter
1137 3964 1282 4047 unum'',
1316 3970 1354 4027 ut

280 4078 372 4143 nulla
402 4096 477 4161 pars
512 4074 586 4139 tolli
617 4073 723 4160 possit
754 4075 824 4140 siue
853 4076 954 4142 totius
981 4077 1122 4162 corporis
1146 4077 1350 4142 detrimento.

281 4193 402 4276 Contra
435 4186 573 4253 artifices
604 4186 661 4273 qui
693 4194 771 4253 sunt
800 4193 1014 4276 πονηροτέρου
1044 4194 1215 4274 κόμματος,
1245 4195 1355 4254 carent

311 4355 320 4388 ¹
353 4349 540 4405 ’41111111111111υ
574 4350 740 4413 atiquatenus
765 4353 848 4399 tamen
875 4350 981 4400 conferri
1007 4359 1089 4414 potest
1105 4352 1210 4401 verbnm
1234 4351 1353 4401 Latinum

278 4450 388 4497 lrorrerc.
