3180 5196
804 383 864 444 122

337 564 401 628 Vix
434 564 498 629 alia
529 565 691 630 sententia
721 566 912 631 audiebatur
945 588 982 631 eo
1008 571 1161 652 tempore.
1210 568 1370 632 Nostrum

291 700 366 743 vero
391 678 574 761 saeculum,
603 683 640 743 ut
656 679 690 743 in
706 680 780 744 aliis
803 680 1007 764 disciplinis,
1035 680 1081 745 sic
1103 681 1201 746 ctiam
1222 680 1256 744 in
1280 681 1372 745 anti-

291 814 426 877 quarum
450 792 616 857 literarum
639 793 748 857 studio
774 793 895 860 multas
915 800 1039 858 veteres
1056 793 1224 878 opiniones
1247 793 1371 857 delevit

291 912 324 969 et
353 927 453 968 novas
481 904 620 988 protulit
648 905 683 968 in
718 905 838 989 lucem,
871 906 1031 990 prioribus
1066 927 1161 991 saepe
1188 928 1205 970 e
1238 904 1369 990 regione

291 1016 465 1102 oppositas.
494 1017 543 1081 De
564 1016 721 1101 Euripide
744 1038 871 1101 quoque
887 1018 1027 1082 subnata
1049 1024 1127 1082 sunt
1136 1018 1261 1102 judicia
1275 1041 1368 1103 pror-

291 1149 345 1192 sus
369 1129 513 1211 diversa,
536 1149 631 1213 quem
652 1150 753 1213 quum
776 1136 873 1192 antea
896 1129 966 1193 sine
986 1129 1139 1214 epithetis
1154 1132 1368 1196 reverentiam

290 1241 599 1325 admirationemque
622 1241 819 1306 testantibus
842 1242 1005 1326 appellare
1028 1243 1118 1308 nefas
1135 1250 1220 1308 esset
1241 1244 1367 1328 visum,

290 1354 465 1418 recentiore
490 1361 634 1438 tempore
655 1355 717 1418 viri
742 1355 830 1420 docti
855 1355 1016 1440 despicere
1042 1362 1075 1421 et
1095 1357 1279 1422 conculcare
1294 1379 1367 1422 coe-

290 1475 426 1555 perunt,
459 1469 493 1532 in
524 1489 587 1553 quo
609 1467 692 1532 alter
715 1490 811 1552 saepe
834 1467 1016 1534 aemulatus
1039 1475 1089 1533 est
1112 1470 1224 1534 alteri:
1251 1473 1367 1547 πάντες

289 1579 414 1668 alpaidus
446 1585 488 1656 aa·
521 1579 739 1668 Ὑπέρβολον.
785 1581 814 1645 Ε
850 1581 963 1646 multis
998 1582 1184 1648 nominasse
1224 1585 1367 1650 sufficiat

292 1694 509 1779 Schlegelium
528 1697 559 1778 ¹,
596 1695 823 1775 wielandum,
857 1693 1046 1758 Bunsenum
1061 1696 1092 1779 ²,
1132 1695 1315 1782 Gruppium
1330 1707 1364 1782 ³,

290 1829 347 1873 nec
379 1809 484 1874 multo
513 1809 567 1874 his
602 1807 842 1875 clementiorem
871 1808 909 1874 G.
944 1808 1189 1892 Hermannum,
1225 1811 1281 1895 qui
1312 1812 1365 1876 vel

289 1943 388 1986 unam
422 1921 462 1987 de
497 1921 664 2006 Sophoclis
699 1924 875 2008 deperditis
911 1923 1030 1988 fabulis
1064 1945 1129 1988 non
1163 1925 1261 1990 nimis
1291 1949 1365 1992 care

290 2035 467 2100 redemtam
498 2034 565 2099 fore
595 2035 784 2100 cunctaium
809 2035 1058 2120 Euripidearum
1075 2036 1219 2121 jactura,
1243 2039 1365 2104 alicubi

289 2149 491 2232 autumavit,
516 2149 579 2215 etsi
602 2149 734 2215 Goethii
758 2149 964 2235 Iphigeniam
987 2171 1060 2214 cum
1077 2150 1253 2236 Euripides
1273 2174 1363 2218 com-

289 2282 406 2345 parans
429 2267 589 2328 recentem
613 2263 765 2348 antiquae
786 2262 970 2348 tragoediae
990 2263 1101 2328 cedere
1116 2264 1244 2328 censuit
1258 2275 1282 2347 ⁴,
1303 2288 1363 2350 pa-

288 2377 445 2462 rilemque
478 2376 674 2441 sententiam
708 2376 786 2440 tulit
820 2377 860 2440 de
897 2375 1070 2460 Schlegelii
1094 2376 1238 2443 dramate
1263 2379 1361 2461 Ione,

289 2512 363 2554 cum
399 2488 565 2574 Euripidis
588 2487 699 2553 fabula
724 2488 869 2573 ejusdem
891 2487 1032 2553 nominis
1056 2488 1183 2554 collato.
1236 2490 1362 2576 Nempe

289 2603 374 2669 idem
406 2602 569 2668 faciebant
591 2602 626 2665 hi
648 2601 750 2666 severi
769 2600 894 2686 judices
915 2604 1001 2688 quod
1024 2601 1143 2668 fecerat
1167 2604 1360 2689 Aristopha-

289 2740 364 2782 nes:
389 2716 430 2780 ad
452 2736 599 2780 normam
623 2735 736 2780 scenae
758 2715 956 2797 Aeschyleae
973 2715 1231 2801 Sophocleaeque
1250 2718 1362 2802 exige-

289 2831 368 2894 bant
400 2827 567 2912 Euripidis
601 2828 766 2909 dramata,
801 2828 1020 2912 improbantes
1051 2834 1084 2892 et
1108 2829 1360 2896 condemnantes

288 2943 440 3029 quicquid
471 2942 512 3007 ad
548 2963 619 3006 eam
653 2961 718 3004 non
752 2939 924 3025 quadraret
954 2947 987 3005 et
1020 2941 1072 3006 vel
1106 2941 1248 3028 digitum
1284 2942 1361 3008 inde

289 3056 473 3122 discederet
509 3053 586 3118 Mox
609 3053 739 3137 aequior
763 3061 872 3118 tamen
899 3075 1009 3119 rursus
1033 3055 1173 3120 invaluit
1191 3055 1361 3140 judicandi

288 3170 387 3247 ratio,
432 3187 530 3253 quam
556 3166 627 3251 jam
663 3166 904 3230 commendarat
939 3167 1148 3253 Lessingius,
1184 3175 1360 3254 praeeunte

290 3281 438 3363 Goethi0,
474 3299 611 3364 quorum
642 3277 782 3362 agminis
815 3277 918 3342 instar
949 3285 1091 3365 uterque.
1142 3282 1227 3360 Quin
1249 3282 1361 3346 extitit

289 3394 461 3459 Barnesius
495 3392 593 3473 alter,
628 3390 852 3475 Hartungius,
876 3391 932 3475 qui
952 3391 1076 3457 scilicet
1102 3394 1270 3460 “restituit
1291 3396 1369 3473 Eu-¹

179 3581 181 3586 ,
288 3508 445 3593 ripidem''
461 3508 490 3589 ⁵,
518 3505 601 3570 nihil
625 3525 689 3568 non
713 3506 747 3567 in
771 3505 934 3569 conitere
960 3506 1166 3572 contendens.
1203 3508 1278 3572 Nou
1300 3509 1359 3573 ab·

289 3620 409 3685 similia
421 3625 499 3684 sunt
513 3618 621 3683 studia
642 3617 804 3702 Pflugkii,
820 3619 877 3702 qui
897 3617 931 3681 in
953 3640 1011 3683 sua
1030 3619 1196 3704 Euripidis
1217 3622 1361 3688 editione

287 3733 409 3820 passim
430 3733 588 3817 tragicum
609 3739 721 3795 contra
754 3731 911 3796 comicum
934 3733 1174 3818 antagonistam
1201 3733 1356 3799 defendit.

322 3995 328 4026 ¹
345 3996 379 4045 A.
396 3996 437 4045 W.
453 4009 501 4042 von
518 3995 638 4058 Scblcgcl,
655 3995 828 4060 Vorlcsungcn
845 3995 904 4042 irber
921 3995 1025 4042 dramst.
1044 3996 1126 4043 Konst
1143 3997 1192 4043 und
1210 3995 1361 4044 Litteratur.

287 4086 345 4136 vid.
362 4085 473 4148 inprimis
489 4093 561 4148 caput
577 4086 610 4144 V,
628 4085 741 4134 editionis
757 4085 800 4133 alt.
817 4099 873 4148 pag.
894 4085 1029 4132 les-268.

319 4174 329 4206 ²
346 4177 376 4224 ln
392 4189 467 4237 opere
483 4175 560 4224 “Gott
576 4175 602 4223 in
618 4177 661 4224 der
679 4175 850 4226 Geschichtc.''

319 4263 329 4294 ³
346 4263 376 4312 ln
392 4264 506 4312 Ariadne
522 4265 622 4326 passim.

319 4353 329 4384 ⁴
345 4353 403 4402 vid.
421 4353 516 4416 proleg.
533 4354 563 4401 ad
581 4352 664 4416 Iphig.
681 4353 819 4401 Tauricam.

320 4442 329 4473 ⁵
346 4443 373 4491 J.
391 4444 423 4490 A.
442 4443 569 4503 Hartung‚
587 4441 717 4502 Euripides
734 4442 872 4500 restitutus,
891 4441 980 4490 Hamb.
1000 4443 1069 4491 1843.
