3150 5196
817 388 859 448 oo

304 587 377 630 vero
400 565 532 630 omniuo
556 587 637 651 opus
658 573 725 632 erat
746 573 812 632 tam
838 566 999 632 laboriosa
1022 566 1212 652 agnitione?
1251 565 1287 631 Si
1302 566 1393 632 Orc-

304 687 369 744 stes
393 677 528 744 diceret:
566 681 650 764 “ego
682 701 754 744 sum
778 680 878 746 frater
906 681 1022 760 tuus,‘'
1051 685 1179 764 potarat
1202 679 1236 743 id
1259 678 1394 764 virgini

303 791 415 857 eodem
442 791 508 857 fere
532 792 628 858 modo
651 793 803 878 probare,
829 815 892 878 quo
916 792 1011 858 alteri
1036 793 1154 874 sorori,
1177 791 1393 877 Iphigeniae,

304 911 400 970 notus
429 907 468 971 fit
499 907 532 971 in
562 907 716 991 Tauride,
747 907 827 972 talia
849 907 1150 988 commemorande,
1182 928 1263 992 quae
1291 906 1393 971 solus

305 1015 434 1084 Orestes
461 1025 573 1104 posset
596 1019 686 1084 scire.
737 1019 807 1085 Hac
830 1017 962 1104 quidem
988 1019 1020 1082 in
1045 1041 1079 1084 re
1104 1018 1282 1103 Euripidae
1307 1017 1393 1082 dra-

304 1133 383 1198 mati
414 1132 511 1216 longe
541 1131 710 1198 antecellit
741 1131 973 1216 Aeschyleum,
998 1131 1031 1196 in
1057 1153 1120 1216 quo
1143 1131 1256 1217 paucis
1280 1130 1394 1196 versi-

304 1247 365 1312 bus
400 1245 581 1311 absolvitur
613 1244 756 1330 agnitio,
795 1267 896 1330 quum
930 1266 988 1330 per
1019 1244 1152 1330 longam
1187 1243 1394 1328 Euripideae
1454 1319 1456 1322 ¹

305 1358 435 1424 fabulae
453 1363 579 1442 partem
598 1358 805 1444 protrahatur
817 1358 836 1423 ¹.
865 1357 914 1424 De
934 1356 1148 1424 callidisvero
1160 1356 1195 1420 in
1209 1356 1394 1421 Palamede

307 1479 340 1536 et
348 1470 557 1536 Andromeda
569 1470 724 1553 inventis,
734 1492 815 1557 quae
825 1490 865 1537 ex
874 1469 1106 1556 Aristophanis
1117 1469 1239 1536 salibus
1254 1469 1312 1554 (ef.
1328 1491 1391 1534 su-

307 1607 367 1670 pra
381 1605 456 1670 pag.
473 1586 517 1649 40
530 1585 617 1672 sqq.)
634 1584 802 1666 novimus,
818 1591 922 1650 tacere
934 1584 1032 1666 malo,
1046 1605 1145 1668 quum
1160 1581 1393 1668 efragmentis

310 1697 367 1760 vix
390 1717 528 1782 aequum
547 1695 708 1781 judicium
738 1697 894 1762 constitui
916 1697 1021 1781 possit
1042 1696 1082 1762 de
1105 1695 1183 1761 totis
1200 1694 1323 1761 fabulis
1338 1704 1365 1758 2.

355 1809 405 1874 Ad
436 1809 570 1875 inventa
601 1809 768 1876 callidiora
798 1811 958 1896 pertinere
987 1810 1088 1875 etiam
1120 1808 1249 1874 videtur
1271 1808 1391 1874 creber

306 1922 363 1987 ille
395 1944 474 1989 usus
505 1927 693 1990 somniorum
727 1924 762 1988 in
798 1923 965 2009 Euripidis
1002 1922 1142 2005 fabulis,
1180 1943 1277 2006 quem
1312 1921 1394 1986 risit

306 2035 542 2121 Aristophanes
565 2036 601 2100 in
624 2036 837 2102 festivissima
859 2037 1069 2110 imitatione³
1094 2035 1264 2102 monodiae
1286 2057 1391 2120 quam

340 2287 348 2319 ¹
381 2287 899 2352 1110111110111001.8101111211
935 2287 1050 2338 “Electra
1067 2288 1146 2336 multo
1163 2288 1250 2336 melior
1258 2289 1392 2351 tragoedia

307 2381 427 2426 α01111111
455 2377 555 2438 fuisset,
579 2377 599 2426 si
624 2378 757 2442 Euripides
780 2378 902 2442 Aeschyli
924 2378 950 2426 in
972 2377 1126 2442 chaiphoris
1148 2386 1191 2426 aut
1212 2377 1342 2440 Sophoclis
1360 2378 1391 2426 in

307 2467 424 2517 “Electra
447 2465 592 2530 exemplum
617 2475 713 2516 secutus
734 2477 811 2525 osset,
828 2482 876 2516 nec
893 2468 964 2516 novis
980 2467 1036 2517 illos
1052 2467 1158 2517 inventis
1177 2481 1297 2529 superare
1315 2466 1392 2516 irrito

307 2563 415 2606 “oonatu
431 2556 587 2606 studuisset.''

341 2647 417 2708 Apud
439 2645 586 2710 Sophoclem
608 2656 705 2710 quoque
721 2647 858 2710 βοστρύχῳ
877 2645 1019 2710 τετμημὲνῳ
1036 2646 1181 2709 agnoscitur
1199 2645 1312 2702 Orestes,
1335 2661 1389 2694 uon

307 2741 390 2783 tamen
407 2734 460 2796 ejus
476 2735 558 2785 colore
577 2742 603 2786 ut
620 2737 686 2798 apud
702 2735 870 2800 Aeschylum,
887 2737 929 2784 sed
946 2735 1135 2800 Chrysothemis
1152 2735 1259 2783 invento
1276 2735 1391 2798 adAga-

307 2825 444 2874 memnonis
469 2824 591 2874 tumulum
615 2825 742 2883 cincinno,
765 2825 822 2874 inde
846 2825 964 2889 intelllgit
981 2825 1097 2876 Orestem
1114 2825 1161 2874 hoc
1177 2824 1280 2888 pictatis
1296 2824 1389 2888 pignus

309 2914 342 2961 ibi
360 2914 500 2976 deposuisse
518 2916 564 2978 (vs.
579 2916 629 2966 900
644 2917 715 2979 sqq).
749 2915 915 2979 Anagnorisis
932 2924 1014 2964 autem
1031 2916 1096 2978 apud
1113 2914 1261 2978 Sophoclem
1276 2915 1390 2963 concito

307 3005 407 3066 quidem
432 3005 471 3063 iit,
497 3019 573 3069 quum
598 3006 699 3054 Electra
720 3004 869 3069 Orestesque
886 3005 942 3054 iude
960 3020 976 3054 a
992 3021 1028 3055 11.
1048 3007 1111 3055 1098
1127 3006 1158 3052 ad
1175 3019 1212 3052 vs.
1232 3005 1295 3056 1172
1311 3005 1388 3054 00110-

308 3101 413 3157 quantur
437 3095 485 3144 eibi
510 3095 617 3145 invicem
642 3095 735 3159 ignoti,
761 3104 787 3144 et
811 3095 898 3144 deinde
922 3097 953 3143 ad
970 3109 1009 3145 vs.
1027 3097 1087 3145 1221
1107 3094 1221 3151 Orestes,
1237 3095 1285 3142 etsi
1300 3095 1391 3158 agnita

308 3198 405 3243 sorore,
430 3185 485 3248 quis
510 3185 561 3248 ipse
586 3185 619 3233 sit
642 3185 724 3233 dicere
748 3191 890 3242 cunctetur;
916 3186 959 3233 sed
983 3195 1068 3233 mutua
1092 3184 1186 3248 agnitio
1207 3185 1270 3232 dnos
1287 3191 1389 3232 tantum

308 3273 396 3336 implet
412 3273 558 3332 versiculos,
576 3289 613 3321 vs.
633 3275 697 3324 1222
713 3289 760 3337 sq:

406 3363 503 3411 Elcctr.
536 3365 617 3427 ἡγὰρ
635 3366 665 3413 σὺ
684 3367 765 3422 κεῖνος
772 3381 779 3421 ;

700 3452 781 3501 Orest.
815 3450 888 3511 τήνδε
907 3451 1093 3517 προςβλέψασά
1110 3470 1158 3515 μου

536 3538 660 3605 σφραγῖδα
678 3543 778 3605 πατρὸς
795 3540 879 3606 ἔκμαθ’
897 3541 918 3590 εἰ
937 3545 1004 3606 σαφῆ
1021 3541 1097 3606 λέγω.

407 3629 503 3678 1121011.
538 3630 700 3694 ὦφίλτατον
718 3637 769 3695 φῶς
786 3638 834 3680 etc.

342 3717 352 3749 ²
385 3718 528 3768 Admodum
554 3717 632 3767 facete
656 3719 686 3767 de
708 3719 863 3782 quaestione,
889 3727 1009 3782 quatenus
1024 3720 1050 3767 in
1066 3719 1161 3784 tragico
1178 3726 1251 3783 poeta
1266 3718 1388 3768 laudanda

308 3806 479 3865 statuentis,
496 3807 549 3872 agit
564 3807 711 3869 Lessiugius
729 3807 830 3868 (111111).
846 3809 1010 3872 Dramatnrg.
1027 3806 1063 3856 nl.
1081 3810 1108 3856 31
1130 3809 1202 3872 sqq),
1219 3807 1262 3855 uhi
1275 3809 1387 3870 coarguit

265 3907 267 3910 '
308 3899 433 3950 Gallicum
457 3906 556 3961 poetam
581 3897 706 3949 Corneille
731 3898 894 3962 nequicquam
911 3898 958 3947 sibi
974 3898 1140 3962 perplacuisse
1157 3897 1185 3946 in
1199 3911 1305 3960 operosa
1321 3906 1385 3946 stru-

307 3999 377 4039 ctura
401 3988 542 4052 tragoediae
567 3989 732 4053 Rhodogunc.
766 3988 831 4040 Cum
857 4003 887 4038 eo
903 3989 1027 4038 consentit
1044 4003 1094 4038 111
1111 3988 1235 4051 Eimburg
1252 3989 1386 4046 Brouwer,

307 4080 404 4129 Proeve
421 4094 493 4131 over.
505 4112 527 4128 ..
547 4079 689 4143 Euripides,
707 4095 764 4143 pag.
784 4081 843 4139 165,
860 4080 902 4129 ubi
918 4079 1018 4129 Racinii
1027 4079 1168 4129 Phaedram
1178 4093 1237 4128 eum
1246 4077 1386 4141 Hippolyto

308 4169 435 4232 Euripidis
459 4182 616 4232 comparans,
641 4169 672 4218 de
696 4169 727 4218 iis
752 4185 815 4234 quae
838 4169 951 4220 Gallicus
967 4175 1041 4232 poeta
1057 4184 1122 4219 nova
1137 4167 1262 4230 adjecerat
1277 4167 1386 4230 simplici

308 4267 457 4323 argumento
473 4258 608 4322 Euripidae
625 4261 660 4308 sic
676 4260 798 4324 loquiturz
816 4260 886 4309 “hier
903 4260 923 4308 is
940 4274 1005 4323 geen
1021 4261 1112 4310 andere
1129 4258 1329 4308 verdienstedau
1344 4257 1385 4306 dic

310 4365 356 4398 van
374 4350 401 4397 la
416 4348 546 4411 difficttlu
559 4348 693 4398 coaacmst’

341 4439 350 4469 ³
384 4439 605 4488 tantaverant
626 4454 676 4501 sqq.
