3150 5194
722 399 783 461 105

210 583 341 648 soribus
377 581 548 663 deflectat,
589 579 757 645 subductis
794 579 927 644 calculis
963 580 1059 667 lenge
1085 581 1125 646 iis
1149 570 1290 648 deterius

211 717 281 760 rem
305 694 411 781 egisse
434 692 614 760 censendus
638 693 700 770 sit;
724 692 907 778 pariterque
930 691 1072 758 affinitas
1094 693 1172 778 illa,
1196 697 1293 761 toties

207 809 281 894 jam
304 829 324 874 a
346 830 398 875 me
421 811 692 890 commemorata,
718 807 803 872 inter
826 827 945 872 novam
959 807 1179 892 comoediam,
1198 809 1295 874 choro

213 927 397 1005 carentem,
423 921 557 1006 ejusque
581 920 735 986 dramata
762 919 826 984 Hic
850 940 976 1005 quoque
995 919 1030 984 iu
1047 941 1085 986 eo
1097 921 1295 1006 conspicitur

212 1035 374 1101 transitus
410 1034 544 1119 quidam
579 1057 600 1098 a
631 1033 733 1098 veteri
766 1041 835 1098 arte
868 1033 910 1098 ad
944 1054 1079 1109 novam3
1112 1033 1218 1098 mulos
1242 1034 1295 1100 hio

212 1169 342 1234 quoque
365 1146 495 1232 gignit,
521 1152 559 1212 ut
580 1168 741 1212 recurram
764 1147 805 1211 ad
829 1147 983 1212 Germani
1005 1145 1192 1231 philosophi
1214 1148 1314 1238 alle-¹

213 1261 341 1348 goriam
357 1260 378 1324 ¹.
405 1260 513 1340 Quum
537 1259 625 1325 enim
649 1259 745 1324 choro
768 1258 847 1345 quid
858 1259 978 1324 faceret
989 1259 1044 1324 vix
1055 1261 1137 1326 bene
1150 1269 1261 1329 nosset
1269 1261 1295 1348 ²,

213 1395 320 1460 neque
343 1395 421 1439 sane
444 1373 561 1440 actoris
573 1379 682 1458 partes
693 1372 902 1458 officiumque
916 1372 1008 1438 virile
1020 1373 1050 1438 ei
1064 1374 1293 1461 impertiretur,

215 1509 283 1552 non
317 1491 427 1551 tamen
461 1486 547 1552 istuc
580 1507 679 1550 ausus
713 1491 765 1550 est
799 1485 951 1571 progredi
985 1490 1023 1551 ut
1055 1508 1130 1552 eum
1164 1510 1295 1573 prorsus

216 1599 415 1679 dimitteret,
440 1597 498 1664 sed
520 1599 562 1663 ad
585 1597 712 1664 cantica
733 1598 932 1664 modulanda
956 1620 994 1664 eo
1018 1606 1069 1665 est
1092 1623 1187 1687 usus,
1208 1603 1297 1670 haud

155 1699 158 1705 ¹
218 1713 365 1800 vulgaris
402 1712 534 1798 quidem
569 1713 648 1778 artis
683 1713 895 1797 documenta,
920 1713 977 1778 sed
1000 1735 1074 1779 cum
1098 1714 1178 1801 ipsis
1201 1717 1296 1784 fabu-

218 1830 325 1894 larum
348 1826 552 1913 argumentis
578 1847 673 1910 saepe
696 1832 754 1890 aut
777 1825 860 1891 nihil
884 1827 1010 1891 confine
1033 1814 1207 1913 habentia,
1240 1837 1297 1897 aut

220 1949 287 2008 tam
310 1962 427 2026 parum
449 1939 566 2010 utrix
589 1938 737 2024 dignosci
760 1945 858 2024 queat
874 1941 895 2004 ³.
943 1940 983 2004 In
1006 1940 1140 2006 caeteris
1167 1941 1293 2009 fabula-

221 2079 292 2122 rum
316 2055 465 2142 partibus
489 2054 599 2120 adstat
622 2055 745 2125 otiosus
769 2053 882 2137 testis,
910 2054 999 2140 pisce
1021 2056 1144 2122 mutior
1167 2056 1223 2122 ubi
1246 2058 1298 2122 vel

224 2191 352 2236 summa
382 2169 503 2234 scelera
527 2167 589 2233 scit
609 2166 735 2253 parari,
760 2188 842 2253 quae
865 2189 931 2255 uno
954 2169 1086 2234 verbulo
1109 2191 1299 2254 praecavere

223 2290 334 2368 posset
347 2285 369 2346 ⁴.
398 2281 507 2362 Quum
529 2279 667 2346 forensis
693 2280 802 2365 agitur
824 2280 1038 2367 disceptatio,
1057 2283 1224 2364 tantulum
1239 2285 1299 2348 ho-

256 2577 376 2628 ¹Hamb
393 2577 508 2627 Dramat.
526 2582 562 2623 n⁰.
580 2577 620 2626 48.
653 2574 691 2627 cf.
709 2590 783 2641 snpra
803 2591 860 2641 pag.
878 2579 911 2628 35
926 2579 981 2627 adn.
998 2581 1022 2628 5.

254 2665 265 2698 ¹
281 2665 373 2717 Bernh.
389 2664 425 2714 tl.
443 2679 500 2727 pag.
517 2665 580 2714 413:
597 2663 695 2713 “dieser
711 2664 922 2715 unrermeidliche
934 2666 1298 2735 Naehlassdesdramatischen

224 2756 344 2808 Gedichts
360 2755 450 2805 driiclrt
466 2755 508 2803 ihn
525 2754 562 2804 als
579 2754 617 2803 ein
635 2755 738 2818 listiges
755 2755 943 2804 Herlrommen''
962 2765 1008 2806 etc.

255 2845 265 2876 ³
281 2846 319 2896 Ut
336 2847 410 2910 hujus
427 2845 464 2894 rei
481 2844 626 2908 exemplum
645 2845 754 2904 afferam,
772 2845 861 2909 delego
877 2846 996 2896 lectorem
1012 2848 1043 2895 ad
1056 2846 1145 2896 Helen.
1156 2858 1191 2896 vs.
1204 2849 1299 2900 1317-
1383 2855 1384 2860 ’

227 2936 300 2994 raet,
325 2934 368 2984 ubi
391 2948 440 2982 non
462 2934 609 2998 intelligitur
627 2947 676 2997 quo
693 2933 797 2982 consilio
814 2934 919 2998 Cybeles
937 2936 976 2986 vel
993 2935 1092 2986 Cereris
1109 2934 1159 2983 fata
1175 2946 1302 2985 canantur.

224 3026 266 3086 [Iu
290 3024 410 3086 corruptis
435 3038 483 3072 ras.
506 3023 569 3072 1369
593 3037 644 3086 sqq.
667 3024 827 3086 Musgravins
845 3032 916 3086 putat
932 3024 1007 3072 alludi
1023 3024 1056 3072 ad
1072 3024 1171 3074 Thesea
1187 3027 1228 3088 qui
1249 3030 1302 3075 “se-

223 3121 340 3174 ptennem
357 3093 487 3162 defloravit
502 3110 642 3161 Helenen.'’
657 3112 726 3161 Num
748 3113 899 3175 Thesmoph.
917 3128 944 3161 vs
970 3114 1018 3163 480
1034 3112 1099 3161 sorte
1117 3115 1204 3162 eodem
1227 3115 1302 3178 respi-

222 3203 330 3265 citurus]

256 3293 287 3342 In
312 3293 412 3342 Electra
437 3291 519 3341 fabula
543 3305 592 3340 non
618 3291 700 3340 minus
724 3292 787 3340 mihi
812 3280 926 3354 displicet
950 3291 1016 3354 quod
1036 3290 1141 3341 Homeri
1158 3293 1217 3340 satis
1234 3292 1304 3342 laeva

226 3382 363 3431 imitatione
388 3381 537 3430 describitur
560 3380 662 3444 clypeus
683 3381 802 3441 Achillis,
818 3382 873 3430 loco
889 3381 992 3429 minime
1008 3381 1129 3444 apposito.
1161 3382 1219 3431 Non
1238 3383 1304 3432 enim

225 3473 256 3520 de
273 3470 374 3520 Achille
391 3467 434 3518 sed
451 3470 481 3518 de
497 3470 690 3532 Agamemnone
707 3470 831 3533 agendum
848 3478 910 3519 erat.
944 3470 1012 3528 Nisi,
1030 3479 1058 3518 ut
1078 3479 1133 3534 post
1155 3478 1249 3520 tantam
1269 3473 1303 3534 di,

225 3561 376 3624 gressionem
399 3561 429 3607 ad
454 3573 508 3608 rem
533 3559 662 3617 redeatur,
687 3558 811 3607 sufficiant
832 3559 892 3609 haee
912 3559 1002 3619 verba,
1023 3561 1184 3623 praeconium
1200 3560 1305 3611 Achillis

227 3649 327 3713 ejusque
345 3663 472 3697 armorum
489 3649 661 3711 subsequentia
678 3648 724 3710 (rs.
740 3649 789 3701 478
805 3655 863 3712 sqq:

390 3737 486 3787 τοιῶνδ’
504 3739 601 3787 ἄνακτα
619 3737 759 3802 δοριπόνων

390 3829 476 3885 ἔκανες
493 3827 610 3888 ἀνδρῶν,
628 3827 749 3890 Τυνδαρί,
769 3829 801 3874 σὰ
819 3826 910 3891 λέχεα,
929 3829 1059 3892 κακόφρων
1076 3828 1145 3891 κόρα.

228 3920 359 3970 Mirificum
389 3917 498 3981 profecto
522 3918 639 3966 laudandi
664 3918 778 3976 modum,
809 3932 857 3981 quo
883 3918 963 3981 gloria
988 3918 1094 3968 Achillis
1119 3916 1305 3967 transscribitur

228 4010 255 4058 in
273 4011 501 4072 Agamemnonem!
529 4007 608 4069 Quasi
625 4021 684 4056 vero
700 4007 803 4056 Atrides
820 4007 900 4056 famae
916 4022 976 4057 suae
993 4007 1079 4058 florem
1096 4007 1196 4057 deberet
1212 4007 1255 4054 uni
1273 4021 1305 4055 ex

227 4098 378 4163 principibus
403 4099 446 4163 qui
470 4100 516 4148 sub
540 4098 593 4162 ejus
615 4097 709 4147 vexillo
731 4105 916 4161 pugnaverant,
939 4107 964 4146 et
985 4098 1049 4146 nihil
1065 4099 1116 4161 ipse
1134 4096 1225 4161 egisset
1241 4098 1305 4160 quod

229 4189 354 4240 celebrata
369 4191 474 4253 dignum
491 4197 564 4239 esset.

263 4280 273 4311 ⁴
291 4280 327 4328 Ut
342 4278 440 4328 mittam
457 4280 559 4328 chorum
576 4278 602 4326 in
618 4276 769 4341 Hippolyto,
786 4292 863 4340 pravo
876 4277 1037 4342 jurejurando
1054 4277 1212 4335 obstrictum,
1229 4277 1305 4340 inpri-

146 4391 149 4396 ·
230 4368 277 4418 mis
302 4367 414 4417 miranda
435 4376 474 4417 est
494 4383 524 4416 ea
540 4367 695 4420 taciturnitas
712 4366 737 4414 in
753 4366 845 4416 Medea
862 4365 957 4426 fabula,
974 4366 1015 4414 ubi
1031 4367 1134 4426 chorus,
1151 4381 1229 4430 quum
1247 4366 1308 4415 sciat

232 4457 357 4506 heminam
383 4471 470 4519 parare
491 4459 592 4507 caedem
617 4456 750 4520 triplicem,
772 4455 837 4512 nihil
859 4470 884 4505 se
905 4456 1081 4520 evulgaturum
1097 4457 1231 4520 promittit;
1248 4455 1307 4518 quid
