3180 5196
775 391 838 455 150

312 575 408 635 001101.
440 575 514 635 (11011
542 595 605 636 esse
632 576 684 655 qui
706 577 878 637 existiment
899 576 952 637 hos
973 595 1074 637 versus
1094 576 1276 638 continuisse
1299 577 1364 637 Ar-

272 670 366 731 chelai
398 671 533 742 initium;
564 669 648 732 addit
679 678 779 732 tamen
808 691 845 732 01
875 671 1041 732 Aristarchi
1070 672 1262 745 auctoritate,
1296 673 1365 732 1010

273 766 412 828 Archelai
442 766 594 827 exordium
625 787 686 829 non
716 774 831 841 extare,
864 767 915 830 sed
947 767 1011 828 fieri
1035 785 1120 847 posse
1140 775 1174 829 ut
1195 767 1298 828 fabula
1320 769 1365 829 ab

274 868 393 924 auctore
423 867 526 942 postea
555 869 672 924 mutata
702 864 752 924 sit.
794 862 861 924 Hoc
892 881 985 942 quum
1010 859 1188 942 Wagnerus‚
1210 862 1364 926 adductus

273 959 370 1019 causis
390 958 619 1037 chronologicis,
641 978 746 1038 pamm
754 958 915 1019 verisimile
935 964 1069 1031 censeat,
1092 959 1206 1019 mavult
1226 965 1365 1021 statuere

275 1053 348 1114 “hos
379 1073 480 1115 versus
508 1053 546 1114 ab
566 1053 765 1133 Aristophane
786 1054 824 1114 ad
846 1053 998 1132 Euripidis
1019 1054 1173 1133 ingenium
1194 1073 1255 1115 0000
1275 1075 1362 1116 com·

275 1149 439 1228 “positos'';
460 1147 492 1208 id
512 1149 592 1227 qnod
613 1149 687 1208 mihi
701 1167 889 1228 nequaqnam
899 1149 1039 1209 credibile
1055 1147 1182 1209 videtur.
1210 1147 1364 1226 Bergkius

275 1249 362 1323 putat
383 1244 478 1305 solum
499 1244 655 1322 prologum
676 1244 713 1304 ab
735 1243 878 1323 Euripide
898 1244 989 1304 fuisse
1009 1249 1168 1303 mutatum.

633 1333 636 1351 '
1005 1339 1119 1402 (Fragm.
1136 1339 1187 1388 229
1203 1339 1290 1399 Dind.)

318 1492 402 1556 nan.
424 1511 466 1552 vs.
492 1498 566 1552 1211
591 1511 668 1571 sqq.:

441 1591 615 1664 Διόνυσος,
638 1590 677 1664 ὃς
697 1587 843 1676 θύρσοισι
863 1595 910 1654 καὶ
938 1587 1064 1675 νεβρῶν
1086 1586 1194 1677 δοραῖς

435 1680 595 1758 καθαπτὸς
616 1686 648 1748 ἐν
670 1687 810 1749 πεύκαισι
832 1687 1004 1771 Παρνασὸν
1025 1686 1101 1750 κᾶτα

436 1776 522 1864 πηδᾷ
541 1782 686 1866 χορεύων
709 1777 894 1866 [παρθένοις
917 1782 976 1844 σὺν
1000 1779 1164 1865 Δελφίσιν·
1189 1780 1303 1860 schol]

318 1872 443 1933 Initium
466 1872 657 1952 Hypsipyles.

1007 1954 1119 2018 (Fragm.
1137 1955 1186 2006 752
1203 1955 1292 2017 Dind.)

319 2105 401 2169 lhld.
423 2124 465 2165 vs.
491 2109 567 2166 1217
589 2121 666 2182 sqq.:

438 2202 494 2265 οὐκ
515 2201 598 2265 ἔστιν
619 2203 708 2274 ὅστις
729 2198 822 2265 πάντ’
844 2200 923 2287 ἀνὴρ
946 2197 1134 2283 εὐδαιμονεῖ·

436 2297 455 2372 ἢ
476 2299 539 2383 γὰρ
561 2297 707 2380 πεφυκὼς
728 2292 846 2370 ἐσθλὸς
867 2300 924 2362 οὐκ
945 2297 1009 2384 ἔχει
1029 2294 1122 2381 βίον,

429 2393 456 2466 ἢ
479 2389 635 2477 δυσγενὴς
656 2391 700 2456 ὢν
722 2388 899 2467 [πλουσίαν
921 2390 994 2478 ἆροῖ
1015 2391 1129 2457 πλάκα.
1153 2391 1267 2473 Schol]

318 2487 445 2547 Initium
467 2485 675 2546 Stheneboeae.

1007 2568 1120 2631 (Fragor.
1139 2569 1188 2618 662
1205 2568 1293 2630 Dind.)

320 2719 403 2784 lbld.
425 2737 466 2778 vs.
491 2721 568 2778 1225
590 2735 646 2796 sq.:

441 2809 596 2878 Σιδώνιόν
616 2812 686 2878 ποτ’
709 2813 787 2878 ἄστυ
811 2810 940 2896 Κάδμος
962 2814 1099 2880 ἐκλιπὼν

440 2907 621 2994 Ἀγήνορος
642 2918 717 2983 παῖς

715 3001 786 3068 ἵκετ’
807 3005 840 3078 ἐς
862 3001 977 3090 θήβης
998 3000 1094 3070 πέδον
1116 3005 1234 3083 supplet
1249 3004 1365 3079 schol„

279 3098 354 3158 male
385 3098 496 3171 citans,
528 3098 621 3176 quum
649 3095 727 3174 ἦλθε
756 3095 906 3175 Θηβαίαν
933 3099 1037 3186 χθόνα
1058 3100 1246 3161 scribendum
1266 3109 1364 3175 esset,

279 3202 313 3254 ut
341 3194 459 3255 aliunde
481 3199 611 3264 constat;
639 3211 735 3272 neque
760 3195 882 3254 ulterius
902 3199 937 3254 ut
958 3194 1048 3256 schol.
1070 3195 1158 3267 dicit,
1180 3195 1231 3256 sed
1248 3199 1367 3274 prioris

281 3289 382 3348 Phrixi
404 3289 459 3349 hoc
480 3295 525 3348 001
546 3288 677 3348 initium.

1009 3372 1121 3435 (Fragm.
1139 3371 1293 3431 alanino.)

322 3522 468 3587 ibidus.
492 3527 568 3582 1232
591 3541 648 3602 sq.:

442 3617 555 3704 Πέλοψ
576 3623 594 3684 ὁ
617 3619 808 3695 Ταντάλειος
831 3623 862 3695 ἐς
888 3626 990 3684 Πῖσαν
1009 3619 1119 3703 μολὼν

442 3712 564 3781 θοαῖσιν
583 3715 694 3788 ἰ’πποις
716 3713 893 3798 [Οἰνομάου
915 3724 1005 3801 γαμεῖ
1028 3715 1151 3802 κόρην]

321 3809 447 3870 Initium
470 3808 644 3887 Iphigeniae
665 3808 816 3868 Tauricae.

322 3988 403 4051 lhld.
425 4007 467 4048 vs.
491 3991 568 4047 1240
589 4005 645 4066 sq.:

442 4086 553 4156 Οἰνεύς
574 4083 643 4149 ποτ’
665 4085 695 4149 ἐκ
718 4093 778 4169 γῆς
799 4084 999 4172 πολύμετρον
1023 4082 1139 4171 λαβὼν
1163 4083 1302 4172 στάχυν,

441 4175 524 4243 θένων
547 4177 697 4266 ἀπαρχὰς
721 4176 795 4255 [οὐκ
815 4177 923 4244 ἔθυσεν
950 4176 1111 4268 Ἀρτέμιδι·
1141 4177 1246 4253 schol,
1267 4199 1363 4258 quae,

278 4274 392 4352 legibus
413 4271 543 4332 metricis
562 4272 725 4346 contraria,
748 4272 798 4331 alii
822 4273 907 4332 aliter
928 4273 1148 4353 emendarunt]

320 4370 364 4429 Ex
387 4367 479 4428 Initio
501 4366 652 4446 Meleagri.

1014 4464 1125 4526 (Fragm.
1142 4465 1191 4513 520
1206 4465 1292 4528 Dind.)
