3180 5196
747 356 788 419 95

233 535 385 601 ostendat
407 535 476 621 ejus
500 537 564 602 vile
589 537 787 623 ingenium¹
813 562 910 626 quam
933 541 1032 628 longa
1056 564 1138 627 quae
1162 563 1307 627 praeces-

234 653 319 713 serat
340 648 514 715 altercatio.
556 650 620 716 Sed
642 652 776 717 omnino
798 653 1012 738 improbanda
1035 659 1114 720 sunt
1135 655 1201 720 illa
1216 653 1307 740 ῥάκη,

235 781 371 845 quorum
394 761 585 847 Euripides,
610 764 639 829 si
661 765 742 830 fides
766 766 999 852 Aristophani,
1017 767 1150 852 plenam
1160 767 1310 833 servabat

235 873 369 958 cistam,
393 876 479 941 unde
501 877 636 944 heroum
658 877 852 945 afflictorum
876 881 1078 966 depromeret
1092 880 1308 958 vestimenta3

236 987 448 1072 vituperanda
470 1010 597 1075 quoque
620 1013 736 1056 senum
759 992 918 1058 debilium
947 992 1109 1059 affectatio
1119 997 1151 1077 ²,r
1172 1013 1310 1079 quorum
1354 981 1360 994 ’

235 1083 342 1186 genua
375 1103 548 1168 trementia
582 1103 611 1170 si
645 1105 687 1170 ad
718 1105 904 1184 celeriorem
927 1128 1058 1173 cursum
1080 1107 1308 1192 impellantur,

236 1212 374 1296 perbene
397 1213 499 1280 risum
522 1236 650 1282 movere
672 1218 819 1303 possint,
844 1224 883 1284 ut
899 1219 934 1283 in
947 1219 1046 1285 Pluto
1057 1219 1309 1305 Aristophanis,

237 1324 294 1396 sed
328 1347 495 1411 nunquam
528 1327 663 1395 affectus
697 1351 770 1396 vere
805 1332 945 1416 tragicos
977 1333 1045 1397 sive
1079 1331 1219 1398 excitare
1242 1331 1310 1397 sive

171 1461 178 1472 ·*
237 1460 361 1525 augere.
409 1439 523 1524 Neque
563 1441 755 1527 quisquam,
797 1443 926 1529 opinor,
963 1444 1016 1510 hio
1050 1444 1238 1530 provocabit
1269 1444 1311 1509 ad

237 1551 422 1637 exemplum
456 1551 610 1637 Homeri,
627 1587 631 1596 ·
647 1555 782 1620 Ulixem
805 1561 1009 1644 πτωχεύοντα
1041 1557 1253 1623 describentis
1278 1563 1312 1622 et

240 1664 387 1730 Laertem
410 1664 562 1731 indutum
583 1665 745 1752 ῥυπόωντι
767 1673 878 1755 χιτῶνι
898 1665 1009 1754 ῥαπτῷ
1024 1669 1172 1755 ἀεικελίῳ,
1195 1675 1233 1735 ut
1256 1669 1312 1755 qui

238 1776 273 1840 ih
307 1777 428 1863 dispari
460 1779 566 1863 poesis
597 1800 715 1864 genere
737 1801 775 1844 ea
799 1801 928 1844 narrare
962 1779 1105 1864 potuerit
1138 1781 1209 1847 sine
1242 1781 1312 1848 ulla

239 1890 430 1974 offensione,
454 1914 536 1978 quae
559 1892 646 1958 siin
670 1893 796 1958 theatro
819 1892 944 1959 videres
968 1915 1122 1959 nauseam
1134 1895 1278 1962 facerent
1287 1897 1309 1961 ³.

284 2004 323 2067 ln
345 2003 397 2069 his
422 2026 549 2091 quoque
572 2005 746 2090 Euripides
770 2005 916 2092 sequitur
939 2027 1057 2071 novam
1079 2007 1259 2092 rationem,
1277 2008 1313 2074 id

239 2099 413 2182 manifeste
436 2139 553 2204 agens,
588 2124 627 2184 ut
659 2119 762 2185 vitam
793 2120 898 2205 qualis
921 2141 1031 2186 revera
1053 2127 1122 2206 est,
1148 2122 1184 2186 in
1204 2122 1313 2187 minu·

240 2228 377 2294 tioribus
410 2251 538 2316 quoque
573 2231 741 2316 partibus,
777 2253 887 2316 presse
920 2231 1069 2298 imitetur
1102 2239 1136 2299 et
1167 2241 1313 2302 accurate

240 2343 418 2427 exprimat,
454 2366 556 2430 quum
588 2345 710 2430 priores
745 2352 858 2430 poetae
886 2366 936 2412 res
960 2346 1120 2440 humanas
1140 2347 1313 2434 pingentes

240 2456 432 2524 arctioribus
456 2458 576 2524 finibus
601 2480 635 2524 se
657 2460 914 2544 continuissent,
936 2466 970 2526 et
992 2483 1030 2526 ea
1049 2483 1132 2548 quse
1146 2462 1313 2549 vulgarem

161 2564 166 2572 '
241 2568 410 2636 hominum
456 2571 558 2637 vitam
602 2572 783 2638 redolerent
824 2573 949 2659 tragica
986 2596 1082 2641 scena
1110 2575 1313 2661 judicassent

241 2681 377 2767 indigna
390 2685 411 2748 ⁴.
437 2683 590 2749 Notabile
615 2683 785 2769 Sophoclis
810 2685 954 2774 dictum,
985 2687 1107 2772 optime
1140 2688 1312 2756 discrimen

277 2958 428 3024 ¹Siquidcm
453 2959 477 3007 ei
501 2957 621 3021 abjectam
646 2957 755 3008 indolem
779 2958 899 3023 affingere
927 2959 1020 3023 placuit
1044 2968 1145 3025 poetae,
1167 2969 1195 3012 ut
1218 2962 1314 3012 civibus

242 3049 394 3114 μισολάκωσι
419 3049 572 3114 palparetur;
598 3048 719 3112 ejusmodi
745 3049 871 3114 πονηρίᾳν
895 3049 942 3113 ipsi
966 3049 1063 3101 fabulae
1079 3066 1128 3101 uon
1151 3053 1314 3103 necessariam

244 3138 392 3189 Aristoteles
409 3140 480 3189 Post.
496 3153 550 3203 esp.
569 3141 599 3189 15
615 3146 641 3189 et
656 3141 690 3188 25
706 3138 866 3203 vituperavit.

275 3226 286 3258 ²
302 3229 324 3278 E
348 3228 438 3293 quibus
462 3234 559 3278 constat
581 3226 670 3276 chorus
695 3227 721 3275 iu
742 3226 852 3277 Hercule
870 3225 976 3286 maante,
993 3230 1034 3278 vd.
1051 3243 1088 3280 vs.
1107 3231 1154 3282 107
1171 3245 1236 3294 sqq.;
1252 3232 1315 3282 addc

243 3317 367 3368 Tiresiam
390 3317 416 3365 in
437 3315 580 3366 Phoenissis
597 3315 755 3365 anhelantem
771 3331 808 3365 vs,
825 3315 874 3365 836
891 3330 956 3379 sqq,
973 3317 1108 3380 Tyndsraa
1123 3319 1167 3381 qui
1181 3326 1263 3370 setate
1279 3322 1315 3369 in-

244 3406 339 3456 validus
355 3406 484 3456 adducitur
499 3414 525 3454 et
540 3406 669 3455 abducitur
684 3420 701 3454 a
719 3404 818 3454 famulis
834 3405 916 3458 Orest.
932 3419 969 3455 rs.
986 3407 1050 3466 474,
1066 3408 1129 3468 629,
1143 3410 1315 3474 paedagogum

243 3496 310 3546 senio
325 3497 479 3549 vacillantem
495 3495 522 3544 in
536 3496 598 3545 Ione
615 3509 654 3545 vs.
670 3497 717 3550 741
731 3509 782 3560 sqq.
792 3521 824 3532 —-
840 3495 932 3551 “Seius
947 3496 1025 3546 Altan
1042 3496 1133 3561 klsgan
1150 3497 1240 3548 immar
1255 3500 1315 3550 iiber

244 3587 300 3637 “die
316 3587 564 3637 Gebrechlichkeiten
581 3587 623 3634 des
640 3585 739 3645 Altars,
755 3584 806 3635 und
822 3585 917 3649 steigen
933 3585 1255 3654 besondersdanAnfgang
1272 3604 1316 3639 aus

244 3679 304 3726 “der
331 3676 464 3727 Orchestra
486 3675 532 3725 auf
553 3675 593 3725 die
615 3676 718 3734 Birbne,
801 3675 860 3725 iiber·
875 3675 914 3725 die
936 3675 1115 3740 Miihseligkeit
1131 3678 1255 3736 seufaend,
1271 3680 1318 3728 mit

244 3767 415 3817 “wankenden
422 3764 625 3816 Knienhinaufss’
643 3765 758 3829 Schlegel
774 3764 848 3816 Vorl.
864 3765 924 3814 iiber
940 3766 1018 3815 dram.
1034 3767 1069 3815 Κ.
1085 3781 1110 3818 u.
1121 3767 1153 3816 L.
1162 3766 1189 3816 1²
1195 3782 1251 3831 pag.
1259 3769 1317 3818 209.

276 3855 343 3906 ³De
360 3872 408 3920 qua
423 3871 450 3906 rc
466 3855 582 3905 audiatur
599 3855 746 3919 Lessingius
762 3856 788 3904 in
805 3854 930 3919 praeclaro
945 3855 990 3904 illo
1007 3861 1113 3912 tractatu
1129 3858 1160 3905 de
1167 3858 1316 3908 Laocoonte.

245 3949 340 3996 Eodem
354 3946 411 4011 jure
426 3947 534 3996 narratio
550 3948 581 3996 de
597 3945 722 3996 Nausicaa
737 3945 810 3996 Ulixi
826 3946 892 3994 inter
907 3945 1040 3995 lavandam
1051 3960 1151 4009 operam
1161 3946 1317 3997 ministrante

244 4036 353 4086 adhiberi
369 4044 449 4100 posset
464 4038 494 4085 ad
511 4037 704 4100 praetexendam
720 4036 856 4099 quamlibet
871 4036 1004 4086 mimorum
1014 4037 1148 4086 lasciviam.

278 4126 288 4158 ⁴
304 4127 451 4177 Rectissime
468 4126 616 4178 Aristoteles
632 4127 704 4176 Post.
725 4128 755 4175 15
763 4126 842 4190 poetis
857 4126 959 4176 scenicis
969 4125 1062 4176 imitari
1075 4127 1229 4178 commendat
1241 4129 1317 4178 bonos

244 4218 555 4282 iconcgraphos,qnidum
570 4217 758 4267 similitudinem
774 4231 807 4266 ex
824 4231 884 4267 varo
900 4215 1056 4280 exprimunt,
1073 4217 1193 4280 adjiciunt
1207 4219 1316 4282 pulchri-

245 4307 357 4357 tudinem
380 4321 441 4358 verc
465 4308 592 4372 majorem.
615 4306 718 4357 Addere
735 4306 825 4369 possis,
842 4305 889 4355 hoc
903 4319 1001 4369 quoque
1017 4305 1075 4355 boni
1090 4306 1192 4370 pictoris
1208 4307 1274 4370 e'sse,
1290 4319 1318 4360 at

245 4396 341 4446 leviora
356 4412 407 4448 non
424 4398 458 4447 ita
475 4397 549 4446 anxie
566 4397 689 4454 elaboret,
705 4395 807 4461 plenam
824 4395 884 4444 artis
893 4395 1011 4444 virtutem
1023 4409 1152 4445 reservans
1161 4399 1317 4460 gravioribus
