3180 5196
741 393 806 456 153

221 586 371 644 rs.1356:
387 582 463 648 ἀλλ’
481 581 505 646 ὦ
524 587 642 666 Κρῆτες
650 575 739 653 Ἴδας
754 583 861 644 τέκνα·
877 576 902 636 Ε
928 576 1118 638 Cretensibus
1144 573 1309 652 Euripidis,

389 695 447 738 see.
469 675 560 737 schol.
583 665 703 751 (dogm.
725 677 784 734 474
807 672 913 761 Dind.)

268 822 351 920 lbld.
370 875 415 916 vs.
440 859 529 916 1382:
1159 925 1162 932 Ι

393 951 447 1017 εἷθ’
464 949 564 1038 Ιὤφελ’
584 947 723 1036 Ἀργοῦς
742 949 783 1030 μὴ
806 943 991 1012 διαπτάσθαι
1011 948 1140 1034 σκάφος·

269 1045 390 1107 Medeae
409 1046 542 1106 initium.

270 1222 354 1287 lbld.
375 1241 419 1283 vs.
445 1225 534 1282 1391:

238 1304 243 1313 Ι
389 1319 445 1382 οὐκ
467 1317 530 1382 ’ἔστι
556 1314 691 1391 Πειθοῦς
711 1318 780 1402 ἱρὸν
804 1313 889 1380 ἄλλο
911 1315 998 1390 πλὴν
1020 1314 1140 1401 λόγος,

270 1410 372 1489 [uddez
388 1417 437 1477 καὶ
456 1409 570 1498 βωμὸς
594 1411 688 1486 αὐτῆς
710 1411 771 1476 ἔστ’
795 1414 827 1476 ἐν
850 1408 1021 1496 ἀνθρώπου
1044 1411 1161 1495 φύσει]

269 1507 314 1566 Ex
335 1505 488 1586 Euripidis
511 1505 670 1583 Antigone.
693 1505 822 1584 (Sahal.)

964 1601 1077 1664 (rmgm.
1097 1601 1144 1654 170
1161 1601 1246 1664 nna.)

269 1764 352 1829 ltid.
373 1785 417 1826 vs.
443 1770 533 1826 1400:

390 1858 529 1948 βέβληκ’
551 1860 724 1947 Ἀχιλλεὺς
745 1857 802 1926 δύο
825 1860 915 1948 κΰβω
938 1868 986 1928 καὶ
1008 1865 1144 1949 τέτταρα·

270 1954 314 2015 De
345 1954 437 2032 hujus
458 1974 560 2016 versus
581 1955 697 2032 origine
718 1955 797 2016 inter
817 1975 847 2016 se
872 1955 1054 2017 dissentiunt
1075 1957 1275 2035 grammatica
1295 1976 1311 2016 e

227 2056 370 2110 contextu
397 2069 467 2110 vero
499 2049 572 2110 satis
594 2055 659 2109 tuto
678 2051 816 2128 colligere
837 2051 908 2112 lieet
929 2052 965 2111 ab
987 2050 1129 2129 Euripide
1148 2051 1312 2129 profectum

227 2161 305 2218 esse,
335 2151 365 2205 et
394 2151 472 2206 recte
495 2143 615 2204 videtur
637 2143 814 2206 Eustathius
834 2145 882 2205 bis
903 2145 1047 2206 affirmare
1068 2146 1151 2225 (pag.
1176 2149 1254 2206 1084
1275 2145 1312 2204 ud

229 2237 318 2300 Iliad.
351 2246 381 2305 Π
413 2243 444 2298 et
475 2257 543 2317 pag.
573 2242 648 2298 1397
673 2236 710 2297 ad
732 2237 787 2300 Od.
810 2239 851 2318 A)
873 2258 907 2298 ex
928 2238 1059 2318 Telepho
1085 2258 1147 2300 esse
1169 2244 1311 2300 sumtum.

228 2332 388 2413 Euripides
417 2333 511 2411 igitur
543 2333 575 2392 in
596 2332 727 2410 Telepho
752 2333 900 2412 principes
922 2334 1100 2395 Graecorum
1125 2334 1244 2396 tesseris
1267 2331 1312 2394 lu·

228 2429 331 2490 dentes
350 2428 516 2490 induxerat.
699 2416 701 2428 '
1136 2439 1140 2448 ·

966 2525 1078 2590 (Eragm.
1095 2526 1145 2576 880
1161 2526 1247 2590 Diod.)

271 2677 354 2743 lbld.
374 2697 416 2738 vs.
441 2683 530 2739 1402:
608 2717 618 2726 ·-

391 2772 616 2862 manasset
638 2773 664 2839 s
684 2771 781 2860 utos
804 2770 889 2860 aaut
913 2771 1022 2848 reia.
1140 2727 1142 2730 ’

271 2869 316 2930 Ex
338 2869 489 2948 Meleagro
511 2889 567 2930 see.
591 2869 681 2930 sehol.

964 2953 1075 3016 (Eragm.
1093 2954 1142 3003 535
1159 2953 1246 3014 Diod.)

271 3107 354 3172 laid.
374 3129 418 3170 vs.
443 3115 519 3171 1469
542 3128 620 3189 sqq.:

270 3203 346 3264 Eur.
391 3209 585 3289 μιμνημένοξ
607 3236 665 3272 νυν
687 3210 750 3274 τῶν
774 3207 854 3274 θεῶν
875 3207 932 3284 οὓς
955 3209 1098 3293 ὤμοσας,

391 3303 409 3374 ἦ
429 3302 491 3383 μὴν
513 3297 644 3374 ἀπάξειν
665 3301 695 3384 μ’
717 3300 827 3376 οἴκαδ’,
850 3308 939 3392 αἱροῦ
961 3309 1035 3381 τοὺς
1057 3299 1182 3390 φίλους·

274 3391 356 3452 Dion.
392 3395 411 3469 ἡ
433 3394 549 3480 γλῶττ’
572 3396 716 3478 ὀμώμοκ’,
739 3399 906 3484 Αἰσχύλον
926 3396 952 3465 δ’
975 3402 1151 3487 αἱρήσομαι·

230 3492 261 3545 et
280 3505 323 3546 ss.
347 3492 424 3550 1474
446 3507 525 3568 sqq.:

270 3581 345 3642 Eur·
391 3583 559 3671 αἴσχιστον
581 3586 677 3673 ἔργον
702 3586 919 3674 προσβλέπεις
941 3591 972 3675 μ’
995 3595 1214 3680 εἶργοσμένοςὲ

271 3677 356 3738 Dion-
392 3683 421 3743 τί
443 3676 468 3744 δ’
492 3684 643 3768 αἰσχρόν,
665 3682 704 3757 ἢν
724 3687 767 3765 μὴ
788 3693 857 3759 τοῖς
880 3683 1044 3769 θεωμένοις
1064 3684 1154 3773 θοκιμ

270 3773 344 3833 Eur.
391 3775 415 3838 ὦ
436 3777 578 3863 σχέτλιε,
602 3781 741 3863 περιόψει
760 3808 796 3863 με
819 3777 856 3857 δὴ
877 3780 1058 3858 πεθνηκότο;

271 3869 356 3928 Dilm-
392 3875 440 3945 τίς
462 3868 547 3937 οἶδεν
570 3876 650 3938 εἰτὸ
674 3873 732 3949 ζῆν
753 3879 807 3957 μέν
830 3879 892 3941 ἐστι
915 3876 1090 3951 κατθανεῖν,

391 3968 427 4030 πὸ
449 3975 539 4031 πνεῖν
561 3963 591 4032 δὲ
614 3963 759 4041 δειπνεῖν,
783 3973 818 4035 τὸ
841 3968 871 4036 δὲ
894 3970 1050 4040 καθεύδειν
1072 3972 1199 4061 κῴδιον;
1322 4035 1324 4044 .

272 4057 309 4118 In
329 4059 377 4119 his
399 4058 550 4139 Dionysus
572 4062 653 4122 dieta
674 4059 838 4142 Euripidea
859 4067 950 4139 vertit
970 4075 1073 4129 contra
1094 4070 1192 4148 ipsum
1211 4077 1310 4131 auoto-
1415 4070 1426 4122 ‘.

117 4207 118 4212 ,
230 4169 302 4210 rem.
335 4152 421 4212 Prior
446 4153 528 4214 loeus
560 4155 608 4215 ad.
629 4157 824 4219 notissimum·
842 4158 1010 4240 ¹Hippolyti
1041 4183 1158 4225 versum
1186 4171 1243 4226 612
1266 4174 1311 4228 est

230 4247 440 4326 conformatus.
473 4249 559 4310 Alter
590 4257 635 4312 est
656 4252 787 4314 imitatio
819 4275 919 4316 versus
941 4263 1017 4319 teste
1045 4260 1138 4321 sehol.
1159 4281 1194 4320 ex
1218 4262 1311 4323 Aeolo

230 4342 332 4422 petiti,
356 4343 408 4403 ubi
429 4344 584 4406 Macareus
600 4347 731 4408 incestus
748 4349 846 4410 labem
860 4352 1041 4430 sophismate
1051 4355 1163 4416 diluere
1174 4365 1310 4418 conatur:

391 4443 422 4503 τί
443 4436 468 4505 θ’
489 4445 641 4528 αἰσχρόν,
664 4443 702 4518 ἢν
722 4447 764 4527 μὴ
786 4455 867 4511 τοῖσι
889 4453 1064 4534 χρωμένοις
1086 4449 1173 4538 δοκῶ
