3180 5196
788 386 847 447 124

277 566 440 634 interdum
482 571 516 633 et
557 589 594 632 ea
634 566 781 632 laudavit
818 588 900 651 quse
938 565 995 630 vix
1029 565 1265 651 vituperatione
1300 567 1355 632 vel

277 678 401 754 νοθείας
433 679 617 765 suspicione
652 684 781 744 exemto
814 678 993 743 videantur.
1037 677 1129 743 Idem
1167 683 1276 744 tamen
1311 678 1355 744 de

277 792 514 878 Aristophane,
549 814 590 857 ex
625 814 727 878 aequo
760 798 793 857 et
823 812 917 874 vero,
946 791 1025 856 hseo
1048 790 1197 876 scripsit:
1222 790 1354 857 “Nemo

277 906 492 993 “Euripidem
533 905 638 994 magis
683 911 799 971 notum
831 903 946 970 hebuit
979 904 1161 990 meliusque
1190 902 1354 988 judicavit

278 1021 399 1106 “quam
422 1020 502 1086 eivis
525 1026 559 1086 et
581 1019 726 1106 aequalis
749 1018 818 1104 ejus
842 1018 1087 1104 Aristophanes.
1130 1018 1270 1104 Magnus
1293 1016 1352 1081 ille

245 1175 248 1180 -
277 1131 460 1214 “comicus‚
493 1131 550 1216 qui
581 1145 649 1196 non
682 1128 791 1194 minus
823 1134 920 1214 poeta
954 1134 1024 1194 erat
1050 1128 1227 1214 palmarius
1251 1149 1349 1213 quam

278 1245 428 1310 “subacti
456 1243 505 1309 vir
534 1244 659 1330 ingenii
690 1249 724 1310 et
746 1265 839 1308 verse
863 1243 1043 1328 elegantiae
1066 1263 1164 1308 sensu
1186 1242 1350 1325 imbutus,

277 1359 368 1422 “tam
398 1357 527 1444 egregie
550 1355 676 1422 notavit
698 1356 828 1442 lapsum
852 1355 931 1421 artis
955 1355 1097 1440 tragicae
1120 1361 1153 1420 et
1175 1354 1256 1420 vitis
1279 1355 1350 1420 Eu-

278 1469 400 1555 “ripidi
427 1469 573 1555 proprio,
604 1469 673 1554 ejus
697 1468 875 1535 sententies
908 1474 941 1534 et
963 1468 1179 1554 digressiones
1204 1467 1350 1552 philoso-

206 1597 209 1604 '
278 1582 433 1666 “phiess,
458 1582 528 1667 ejus
552 1583 718 1668 eloquium
736 1582 828 1667 justo
851 1581 1002 1666 mollius,
1026 1581 1095 1667 ejus
1120 1580 1265 1646 studium
1288 1602 1349 1645 su-

278 1694 401 1780 “gendi
423 1695 551 1760 mendis
574 1696 733 1780 corporeis
756 1695 893 1781 aliisque
915 1695 1175 1760 rebusexternis
1196 1691 1349 1758 effectum

277 1807 484 1893 “tragicum,
507 1807 587 1894 quin
599 1808 698 1873 etiam
711 1808 935 1874 effeminatum
947 1807 1093 1892 rhythmi
1107 1806 1176 1892 ejus
1190 1811 1346 1889 tenorem,

277 1922 491 2005 “praesertim
522 1922 557 1987 in
590 1922 711 2007 Ranis,
749 1928 786 1988 ut
813 1923 947 1988 dicteria
970 1927 1090 1988 temere
1112 1922 1154 1986 ab
1177 1942 1213 1986 eo
1236 1941 1349 2005 sparsa

277 2033 530 2119 “dignissimam
560 2034 736 2119 praebeant
766 2035 935 2100 materiem
971 2035 1011 2100 de
1043 2056 1107 2119 qus
1141 2036 1218 2100 date
1250 2056 1349 2120 opera

276 2148 481 2233 “inquiratur
504 2153 537 2212 et
559 2148 765 2233 disputetur''
783 2159 801 2213 ¹.

319 2262 358 2325 In
382 2261 442 2326 hae
464 2263 574 2341 eutem
597 2261 731 2326 materie
762 2261 930 2327 tractanda
952 2284 1005 2326 me
1028 2261 1179 2347 Euripidi
1202 2282 1265 2326 non
1287 2283 1345 2346 pe-

272 2373 411 2458 percisse
444 2372 575 2451 fateor3'
597 2373 654 2438 sed
676 2394 732 2438 cur
755 2373 836 2437 mihi
856 2395 925 2443 non
948 2373 1059 2440 liceret
1081 2374 1180 2438 libere
1203 2373 1346 2438 indicare

273 2507 481 2590 quaecunque
504 2488 537 2551 in
560 2487 765 2553 celeberrimo
788 2487 910 2574 trugioo
933 2510 997 2553 non
1021 2487 1148 2584 ievibus
1171 2487 1212 2552 de
1238 2487 1344 2552 osusis

272 2599 433 2685 culpanda
455 2606 620 2685 putarem,
644 2600 740 2666 modo
754 2601 789 2665 id
807 2599 963 2680 facerem,v
986 2609 1025 2668 ut
1043 2601 1159 2668 fecisse
1174 2623 1227 2666 me
1239 2621 1344 2685 spero,
1390 2665 1392 2668 ,

273 2711 343 2775 sine
376 2711 452 2776 felle
472 2712 514 2777 'et
536 2712 606 2778 sine
629 2713 834 2798 arrogantis?
880 2714 965 2780 Falli
987 2722 1096 2781 tomen
1117 2714 1228 2801 potui,
1253 2713 1344 2778 etin

178 2913 180 2917 ¹
272 2823 498 2909 disquisitione
521 2831 588 2892 tam
612 2825 678 2890 late
700 2833 848 2910 petente,
873 2833 985 2916 totque
1007 2835 1041 2893 et
1063 2833 1227 2903 tantarum
1246 2825 1346 2911 plene

271 2937 515 3020 difficultatum,
539 2938 681 3003 multum
705 2937 797 3004 abest
823 2944 861 3004 ut
883 2961 935 3006 me
958 2961 1091 3026 scopum
1115 2960 1240 3026 semper
1266 2939 1344 3004 teti-

271 3050 358 3136 gisse
388 3050 566 3116 confidem:
598 3074 695 3137 quare
718 3075 737 3117 o
759 3053 914 3118 benevolo
938 3053 1055 3119 lectore
1078 3058 1153 3139 peto
1175 3057 1208 3117 et
1234 3072 1287 3117 oro
1306 3056 1346 3115 ut

271 3163 405 3228 comiter
439 3165 587 3250 ignosoat
620 3165 701 3230 meis
739 3166 919 3250 erroribus,
954 3172 987 3256 et
1009 3168 1069 3232 hoo
1096 3187 1177 3252 opus
1196 3145 1344 3251 juvenile

271 3275 526 3362 aequibonique
549 3279 704 3344 consulet.

304 3484 314 3518 ¹
331 3488 385 3536 Ll
410 3503 467 3552 pag.
487 3492 516 3540 19
533 3490 738 3543 iesnnotuione.
