3180 5196
725 413 783 472 131

253 593 409 654 Praeterea
430 593 535 653 addere
556 592 642 671 juvat
664 591 786 671 Hippol.
808 612 850 653 vs.
875 597 964 653 1144:

538 688 718 754 ὦτάλαινα

373 789 468 870 μᾶτερ
475 827 485 858 ,
509 784 606 857 ’ἔτεκες
629 784 778 848 άνόνατα·

209 885 288 956 quoe
319 882 390 938 sunt
412 877 493 937 chori
515 877 551 938 de
573 876 731 957 Hippolyti
753 883 848 937 matre
869 878 967 937 verba.
1009 877 1057 936 Ad
1077 897 1166 956 quem
1195 880 1294 940 locum

211 972 427 1034 Valckenarius
455 971 581 1032 conferri
610 971 696 1049 jubet
730 970 803 1031 Heo.
835 991 877 1032 vs.
900 977 974 1045 765,
996 972 1047 1032 ubi
1071 972 1195 1034 Hecuba
1216 976 1294 1053 Aga-

211 1067 363 1127 memnoni
384 1067 516 1145 roganti:

374 1169 391 1238 ἦ
413 1165 476 1250 γάρ
498 1167 556 1229 τιν’
580 1163 685 1229 ἄλλον
708 1164 818 1240 ivisset

211 1255 383 1335 respondet:
831 1277 832 1280 ¹

374 1353 513 1428 άνόνητά
535 1357 576 1440 γ’,
599 1355 643 1427 ὡς
664 1352 755 1424 ἔοικε,
777 1349 863 1418 τόνδ’
886 1355 924 1419 ὃν
946 1357 1080 1440 suopte.

256 1446 372 1506 Ultima
392 1447 450 1507 loci
470 1446 682 1526 Aristophanei
703 1447 807 1520 verba,
829 1465 904 1526 quae
925 1448 1017 1508 etiam
1038 1449 1151 1526 tragico
1167 1449 1296 1528 quodam

211 1543 309 1603 colore
331 1543 427 1603 tincta
447 1549 533 1615 sunt,
556 1562 624 1602 cum
646 1542 717 1603 Eur.
741 1543 850 1603 Alcest.
872 1561 915 1603 vs.
929 1547 1000 1603 341:
1018 1549 1070 1627 μοὶ
1083 1548 1200 1610 στένειν
1211 1548 1296 1633 πάρα

212 1638 308 1716 possis
328 1656 511 1716 comparare;
532 1639 584 1698 sed
604 1637 765 1698 verisimile
780 1643 825 1698 est
846 1657 881 1697 eo
897 1656 1013 1717 quoque
1024 1658 1059 1699 er
1070 1639 1185 1699 Theseo
1196 1638 1297 1698 fabulo

212 1733 305 1792 fuisse
325 1733 429 1810 petita.

260 1911 344 1976 thid.
365 1931 407 1972 vs.
440 1917 499 1973 750
531 1911 717 1984 Philoclem,
739 1911 906 1971 vehementi
926 1910 1080 1989 judicandi
1100 1910 1224 1971 libidine
1247 1910 1296 1968 ab·

213 2013 333 2085 reptus,
356 2005 399 2067 sic
418 2007 562 2086 loquitur:

376 2109 417 2186 μή
438 2131 490 2187 μοι
511 2108 632 2168 τούτων
653 2098 749 2182 μηδὲν
771 2103 938 2187 ὑπισχνοῦ.

377 2204 487 2264 κείνων
509 2199 632 2285 ἔραμαι,
656 2195 731 2262 κεῖθι
752 2200 920 2282 γενοίμαν,

376 2295 417 2358 ‘iv'
440 2299 457 2359 ὁ
479 2290 578 2379 κάρυξ
599 2296 689 2378 φησί,
712 2294 761 2365 τίς
781 2291 916 2379 άψήφιῇ

379 2410 472 2463 στος;
496 2385 685 2452 άνιστάσθω·

378 2482 562 2556 κάπισταίην
585 2484 633 2545 ἐπὶ
655 2490 724 2555 τοῖς
747 2487 856 2561 κημοῖς
894 2483 897 2490 '

378 2576 599 2662 ψηφιζομένων
622 2580 639 2641 ὁ
661 2575 850 2648 τελευταῖος»

378 2668 500 2740 σπεῦδ’,
523 2671 547 2734 ὦ
568 2673 667 2757 ψυχή·
690 2677 752 2734 παῦ
774 2697 826 2752 μοι
847 2671 950 2756 ψυχῆς

379 2769 491 2853 πάρες,
514 2767 538 2830 ὦ
561 2768 675 2852 σκιερά·

259 2860 376 2920 Horum
401 2879 539 2920 versuum
565 2860 655 2938 primi
676 2859 765 2919 efficti
786 2858 916 2919 suntad
936 2858 1068 2919 nobilem
1089 2879 1124 2918 ex
1146 2859 1299 2939 Euripidis

219 2956 385 3035 Hippolyto
406 2956 516 3027 locum,
538 2974 580 3015 vs.
603 2958 661 3014 215
688 2972 768 3032 sqq.,
790 2952 842 3014 sed
862 2953 999 3026 liberius,
1021 2954 1065 3014 ita
1085 2960 1120 3013 ut
1140 2955 1299 3015 verisimile

218 3052 272 3123 sit,
304 3051 336 3110 in
367 3050 463 3128 priore
496 3048 655 3128 Hippolyti
685 3048 816 3109 editione
847 3047 903 3108 hoc
935 3049 1085 3109 canticum
1106 3050 1211 3128 ¹magis
1232 3069 1300 3110 oum

219 3146 324 3206 comici
355 3145 452 3206 verbis
472 3145 651 3222 congrunsse.
685 3143 780 3218 ,Quod
800 3144 826 3203 si
847 3148 976 3214 statuas,
997 3161 1058 3202 non
1083 3144 1299 3205 emendandum

220 3248 283 3302 erat
302 3242 426 3302 fortasse
447 3241 552 3301 scholii
573 3242 694 3301 lemma:
714 3244 756 3323 μή
776 3269 829 3324 μοι
844 3244 979 3314 codron,
1001 3259 1089 3316 quem
1103 3260 1222 3304 versum
1232 3261 1300 3302 cum

220 3342 351 3398 censeret
370 3355 432 3397 non
453 3334 648 3413 Euripideum
669 3354 749 3406 esse,
770 3335 986 3396 Valckenarius
997 3335 1035 3396 ad
1055 3344 1227 3415 sequentem
1238 3357 1301 3399 ver-

221 3451 288 3492 sum
307 3431 411 3491 retulit
432 3430 579 3503 scholion,
602 3447 728 3508 eumque
749 3434 867 3490 secutus
889 3429 1062 3490 Dindorfius
1076 3431 1109 3490 in
1123 3432 1302 3493 scholiorum

221 3527 360 3588 editione.

263 3623 438 3684 Conferatur
464 3623 555 3682 etiam
586 3621 697 3682 Alcest.
718 3640 760 3682 vs.
783 3625 855 3681 866:
876 3626 985 3687 κείνων
1007 3623 1127 3709 ἔραμαι,
1150 3626 1219 3688 κεῖν’
1242 3629 1302 3689 ἐτι-

224 3717 308 3802 θνμῶ
330 3715 455 3800 δώματα
477 3723 590 3789 ναίειν,
613 3722 643 3777 et
664 3716 742 3777 infru
762 3716 867 3794 fragm.
889 3716 982 3777 Arist.
1006 3721 1072 3776 146.

263 3812 301 3872 In
332 3812 439 3872 ultimo
470 3830 608 3872 versuum
633 3812 794 3872 citatorum
819 3817 907 3890 poeta
934 3810 1096 3871 secundum
1125 3812 1215 3873 schol.
1236 3813 1302 3871 imi-

223 3913 304 3968 tatur
333 3907 406 3967 haec
437 3927 473 3967 ex
494 3907 723 3986 Bellerophonte
745 3906 834 3966 verba
855 3906 944 3984 (quae
970 3905 1138 3966 emendavit
1158 3906 1301 3968 Valcken.

224 4003 320 4063 Diatr.
341 4021 409 4082 pag.
435 4005 519 4082 166):

383 4099 499 4185 πάρες,
522 4099 546 4161 ὦ
569 4099 674 4184 σκιερὰ
697 4097 838 4184 φυλλάς,
861 4095 993 4183 άπερβῶ

385 4201 514 4278 κρηναῖα
537 4196 633 4268 νάπη·
657 4194 714 4257 τὸν
735 4193 812 4277 ὑπὲρ
833 4189 970 4276 κεφαλῆς

385 4286 480 4373 αἶθέρ’
502 4283 619 4352 ἰδέσθαι
643 4282 783 4358 σπεάδω,
806 4285 864 4350 τίν’
886 4284 949 4372 ἔχει

387 4383 498 4447 στάσιν
521 4378 661 4447 Εἰνοδία·

959 4462 1079 4543 (Fragm
1088 4461 1137 4532 310
1152 4461 1238 4527 Dina)

1127 4557 1171 4618 9*
