3154 5198
858 373 877 432 8

326 559 382 624 sed
416 557 556 622 indicare
588 556 686 620 etiarn
721 555 823 620 soleas
855 576 926 619 eam
953 559 1074 619 rectam
1100 555 1282 619 studiorum
1307 556 1426 619 ratio-

325 695 415 754 nem,
438 693 535 757 quarn
559 671 628 754 ipse
648 669 843 754 jamdudum
869 669 1010 755 sequeris
1032 669 1265 753 plaudentibus
1288 675 1323 734 et
1351 669 1423 733 ad-

325 784 520 850 mirantibus
545 783 695 849 omuibua
721 783 864 848 eruditis.
963 857 989 886 l

371 901 502 984 Optime
533 919 659 983 quoquc
691 898 729 962 de
753 919 805 962 me
829 891 948 961 meruit
974 896 1150 962 Academia
1174 897 1419 981 Groningana,

326 1036 407 1098 quae
432 1012 553 1098 coeptis
588 1011 668 1075 meis
703 1010 829 1076 blande
845 1011 970 1094 arrisit,
996 1017 1029 1075 et
1049 1031 1170 1094 magno
1194 1031 1247 1074 me
1270 1009 1420 1096 dignata

326 1127 446 1190 honore
466 1131 524 1189 est.
552 1123 658 1202 Quare
684 1143 748 1186 non
773 1144 846 1187 mea
861 1123 1089 1186 tantummodo
1105 1145 1203 1187 causa
1218 1145 1310 1209 spero
1323 1124 1418 1186 banc

326 1239 588 1304 dissertationem
610 1275 654 1284 -
678 1259 756 1300 narn
779 1259 817 1302 ea
833 1237 905 1322 ipsa
922 1242 973 1302 est
989 1237 1123 1323 scriptio
1139 1259 1237 1323 quam
1251 1237 1417 1322 suffragio

326 1374 384 1416 suo
414 1351 564 1436 probavit
595 1389 638 1398 —
666 1348 739 1414 aliis
764 1371 892 1436 quoque
915 1350 1005 1415 Viris
1029 1350 1154 1434 doctis,
1180 1353 1298 1437 quibus
1322 1351 1417 1416 forte

325 1466 359 1529 in
395 1486 513 1529 manus
548 1463 688 1546 venerit,
726 1484 790 1527 non
825 1463 1065 1549 displicituram
1098 1486 1177 1530 esse.
1233 1464 1415 1530 Caeterum

326 1598 494 1662 nunquam
529 1576 702 1642 obliviscar
732 1598 831 1661 quam
854 1576 1041 1643 humaniter
1076 1579 1265 1664 Groningae
1287 1577 1413 1643 fuerim

326 1694 478 1774 exceptus
508 1696 541 1754 et
571 1711 669 1775 quam
699 1689 854 1755 candidos
884 1690 953 1756 dies
977 1692 1023 1756 ibi
1046 1694 1269 1779 transegerim.
1318 1691 1413 1778 Ergo

321 1802 394 1886 juro
416 1801 596 1888 meritoque
622 1811 697 1867 vota
721 1801 805 1868 facio
829 1824 886 1887 pro
910 1803 1005 1868 istius
1019 1805 1225 1871 Academiae
1248 1805 1354 1871 salute
1376 1816 1414 1870 et

326 1917 557 2002 prosperitate,
582 1915 858 2001 quemadmodum
879 1923 955 1982 ante
979 1917 1037 1981 hos
1060 1941 1180 2003 paucos
1204 1919 1273 1984 dies
1297 1918 1410 1984 exsul-

326 2029 405 2110 tavi,
423 2028 578 2095 discussis
598 2029 731 2094 tandem
746 2028 888 2094 nubibus
906 2051 986 2114 quas
1006 2030 1036 2095 ei
1052 2013 1240 2116 impendere
1253 2032 1405 2097 sciebam.

327 2143 423 2208 Nunc
452 2147 525 2207 tuta
557 2164 577 2206 a
610 2141 773 2226 periculo,
808 2141 935 2207 utinam
967 2142 1083 2228 longos
1112 2144 1146 2209 in
1170 2165 1273 2210 anuos
1295 2145 1406 2226 vivat,

326 2256 418 2322 utilis
446 2255 589 2341 patriae,
623 2255 747 2320 civibus
779 2277 866 2338 cara,
893 2262 926 2320 et
949 2257 1013 2322 nisi
1037 2279 1158 2344 magna
1185 2259 1407 2324 studiosorum

327 2368 510 2452 affluentia,
540 2376 575 2434 at
603 2378 689 2436 certe
714 2369 937 2435 Professorum
958 2371 1141 2438 eruditione
1162 2379 1196 2438 et
1219 2372 1405 2438 celebritate

326 2481 438 2546 florere
464 2488 587 2567 pergat.

373 2594 400 2659 Il
425 2595 589 2661 studiosae
607 2595 793 2680 juventutis
818 2597 987 2663 ordinibus
1011 2620 1077 2664 non
1093 2600 1153 2665 hoc
1175 2600 1306 2666 demum
1323 2608 1403 2667 tem-

328 2730 404 2795 pore
434 2709 557 2794 migro,
590 2732 662 2775 cum
688 2710 744 2775 ille
768 2732 828 2796 ego
852 2713 908 2798 qui
935 2735 1038 2799 nuper
1061 2715 1147 2780 inter
1170 2714 1332 2781 discentes
1355 2737 1403 2780 se-

328 2826 444 2891 debam
478 2846 565 2890 nuno
594 2823 663 2909 jam
698 2845 755 2909 per
788 2825 913 2913 aliquot
944 2849 1072 2893 menses
1097 2828 1131 2892 in
1155 2829 1300 2894 docendo
1323 2829 1402 2894 vires

329 2961 417 3004 meas
447 2939 601 3026 experiar.
650 2939 721 3004 Hac
747 2946 857 3006 tamen
885 2949 959 3007 utor
990 2943 1235 3029 opportunitate
1256 2949 1295 3009 ut
1316 2943 1402 3010 vobis

329 3053 525 3136 valedicam,
551 3052 703 3119 amiciet
727 3053 875 3138 sodales,
901 3077 1037 3141 quorum
1062 3056 1191 3122 dulcem
1216 3078 1309 3122 servo
1339 3079 1401 3122 me-

332 3187 404 3228 cum
423 3165 694 3245 recordationem3
711 3167 812 3233 vivite
827 3168 938 3234 felices
955 3191 1113 3234 memores
1130 3178 1162 3246 et
1178 3170 1279 3235 vivite
1294 3170 1399 3235 nostri.

460 3326 552 3392 Scripsi
569 3313 765 3379 Amstelaedami
783 3341 890 3380 exeunte

403 3430 486 3465 mense
505 3418 598 3466 Martio
615 3421 673 3467 anni
691 3419 940 3470 MDCCCLXXVI.
