3180 5196
360 578 452 655 vesp.
474 596 517 636 vs.
539 582 610 638 763:

1000 681 1094 740 τοῦτο
1117 671 1147 740 δὲ

471 766 583 845 Ἅιδης
605 767 752 853 διακρινεῖ
772 772 929 856 πρότερον
950 770 969 845 ἢ
992 769 1047 856 ’γώ
1069 767 1222 850 πείσομαι·

356 865 464 927 Suhol:
486 865 545 927 “In
566 867 677 928 Oressis
698 865 852 946 Euripidis
873 866 983 928 Atreus
1003 866 1076 927 dicit
1099 865 1136 928 ad
1153 867 1290 946 Aeropen
1304 874 1405 951 κρινεῖ

314 965 438 1029 παῦτα.”
460 961 570 1042 supple
589 981 658 1024 cum
678 961 808 1042 Toupior
824 959 936 1039 ’Ἅιδης
958 961 1105 1052 διακρινεῖ
1125 969 1229 1028 ταῦτα·

1048 1069 1162 1132 (rngm.
1178 1068 1228 1117 res
1244 1067 1333 1131 urar.)

244 1217 252 1229 '
357 1219 440 1286 lbid.
461 1240 504 1282 vs.
526 1225 583 1282 995
606 1239 682 1300 sqq.:

316 1314 459 1390 Beryti:
476 1317 590 1403 πάτερ,
611 1317 725 1402 πάτερ,
747 1319 777 1380 τά
797 1315 977 1391 πέπονθας,

782 1411 964 1470 Philoclem:
989 1411 1089 1494 οἴμοι,
1111 1419 1173 1478 ποῦ
1195 1412 1253 1478 ’σθ’
1276 1409 1377 1498 llum

367 1507 449 1567 Bul.
472 1508 576 1595 ’ἔπαιρε
599 1507 726 1573 σαυτόν·

636 1601 717 1662 Phil·
740 1605 802 1667 εἰπέ
824 1632 881 1668 νυν
903 1605 1006 1668 ἐκεῖνό·
1020 1631 1088 1684 μοι,

478 1700 579 1772 ὄντως
602 1696 779 1783 άπέφυγεν;

719 1792 801 1851 sur.
823 1793 861 1867 vr,
885 1793 944 1857 Ar.

837 1887 918 1946 Phil·
941 1885 1032 1954 οὐδέν
1055 1889 1109 1971 εἶμ’
1131 1888 1201 1975 ἄρα·
1294 1931 1298 1938 ·

356 1981 422 2040 Hae
442 1982 521 2042 senis
542 1982 676 2060 querelae
699 1988 760 2042 tam
781 1981 893 2042 similes
918 1987 989 2042 sunt
1010 1981 1062 2055 iis,
1085 2000 1158 2061 quas
1187 1981 1292 2070 lJeleus
1319 2001 1400 2042 nun-

315 2076 392 2136 ciata
423 2076 482 2136 sibi
501 2077 618 2156 nepotis
637 2083 733 2137 morte
753 2075 854 2136 fundit
875 2077 906 2136 irr
927 2075 1070 2137 Androm.
1092 2097 1134 2137 vs.
1158 2082 1235 2138 1076
1257 2095 1337 2156 sqq.‚
1361 2084 1396 2137 ut

313 2189 374 2230 non
394 2170 519 2232 dubium
540 2171 580 2231 sit
601 2171 674 2250 quin
694 2189 728 2231 eo
748 2171 879 2231 comicus
899 2172 1073 2250 respexerit:

335 2265 454 2327 Olwrus
475 2265 495 2331 ιῖ
516 2264 550 2338 ά,
571 2270 601 2331 τί
622 2264 765 2353 δράσεις,
788 2268 812 2332 ὧ
833 2271 949 2354 γεραιάς
970 2269 1011 2348 μὴ
1032 2271 1142 2354 πέσῃς·

474 2362 579 2448 ’ἔπαιρε
601 2362 728 2426 σαυτόν·

672 2456 736 2515 Pel.
758 2453 850 2522 οὐδέν
872 2458 942 2538 εἶμ’·
967 2455 1150 2540 ἀπωλόμην·

472 2550 594 2639 φρούδη
614 2556 669 2634 μὲν
690 2548 786 2625 αὐδή,
809 2548 931 2638 φροῦδα
954 2549 980 2617 δ’
1003 2549 1105 2639 ἄρθρα
1127 2578 1187 2634 μου
1208 2553 1300 2618 κάτω·

353 2647 401 2708 Ad
420 2647 562 2707 ultimum
582 2646 688 2706 horum
708 2665 847 2706 versuum
867 2646 1086 2707 conformatum
1106 2665 1169 2707 esse
1191 2646 1327 2709 Nubium
1353 2669 1398 2710 vs.

314 2747 372 2803 718
393 2741 469 2801 mihi
489 2760 549 2803 nun
570 2740 762 2820 persuadetur
783 2762 801 2800 a
820 2741 866 2801 W.
889 2741 1054 2803 Ribbeekio
1075 2742 1116 2803 l.l.
1138 2762 1205 2822 pag.
1227 2748 1295 2804 288.

352 2934 434 2998 ibid·
457 2953 499 2994 vs.
524 2938 613 2996 1074:

470 3027 589 3116 ῥᾳδίως
609 3032 671 3116 ἐγὼ
693 3027 821 3105 διδάξω,
843 3031 901 3097 κᾶν
923 3033 1064 3116 ἄμουσος
1087 3033 1106 3120 ᾖ
1126 3035 1163 3099 τὸ
1184 3039 1271 3120 πρίν,

353 3125 459 3186 Versus
479 3130 526 3184 est
546 3124 698 3204 Euripidis
718 3143 735 3184 e
756 3124 953 3196 Stheneboea,
975 3146 1031 3188 sec.
1052 3127 1144 3188 schol.
1181 3128 1227 3188 De
1248 3127 1301 3188 illo
1322 3129 1393 3189 loeo

312 3219 463 3299 Euripidis
493 3219 556 3298 egit
587 3219 728 3280 Valekeu.
761 3220 858 3282 Diatr.
878 3241 945 3300 pag.
968 3226 1143 3296 205-207,
1164 3222 1324 3302 quidoaet
1346 3243 1395 3285 se-

282 3373 287 3390 ,
311 3315 438 3376 eundum
459 3321 577 3376 tantum
599 3321 713 3394 partem
734 3315 825 3394 hujus
842 3336 943 3378 versus
959 3324 1089 3380 sumtum
1104 3337 1166 3380 esse
1183 3337 1218 3380 ex
1229 3319 1391 3398 Euripide,

310 3410 390 3472 hune
409 3417 509 3470 autem
530 3411 573 3471 sie
594 3410 744 3489 scripsisse
764 3411 858 3488 (Plut.
881 3411 957 3472 Mor.
978 3432 1008 3491 p.
1030 3417 1087 3474 622
1111 3413 1162 3493 O):

789 3510 921 3582 ποιητὴν
942 3505 968 3574 δ’
991 3509 1052 3596 ἄρα

471 3601 550 3686 ἔρως
572 3597 723 3674 διδάσκει,
747 3600 804 3666 κᾶν
826 3601 967 3684 ἄμουσος
988 3603 1009 3690 ᾖ
1030 3606 1066 3670 τὸ
1088 3608 1173 3692 πρίν·

1037 3714 1150 3776 isram.
1168 3715 1218 3764 ase
1233 3715 1321 3776 urna.)
1435 3735 1440 3743 ·

351 3872 435 3938 itii.
465 3891 507 3934 rs.
541 3877 618 3934 1159
650 3892 693 3952 sq.
726 3873 898 3935 Philocleon
926 3875 963 3936 de
994 3873 1150 3937 Laconicis
1170 3877 1289 3952 calceis,
1312 3898 1393 3959 quos

309 3969 388 4032 filius
409 3968 437 4028 ei
457 3969 524 4029 vult
544 3967 679 4041 induere,
701 3969 746 4029 ita
765 3970 921 4030 exclamat:

471 4066 532 4149 ἐγὼ
553 4066 616 4151 γὰρ
639 4064 678 4130 ἂν
698 4062 812 4140 τλαίην
833 4062 1053 4139 ὑποδήσασθαί
1072 4095 1146 4134 ποτε

470 4159 597 4248 ἐχθρῶν
618 4159 690 4246 παρ’
712 4156 837 4246 ἆνδρῶν
859 4157 990 4244 δυσμενῆ
1010 4166 1196 4245 surripiam

210 4302 212 4305 .
310 4255 348 4317 In
384 4257 476 4317 altero
511 4272 597 4313 versu
632 4254 704 4314 satis
739 4253 894 4314 manifeste
924 4254 1068 4315 alluditur
1099 4257 1135 4316 ad
1167 4257 1321 4335 Euripidis
1356 4262 1392 4320 in

310 4352 477 4413 Heraclidis
497 4369 613 4412 versum
636 4351 725 4410 1006:

469 4447 586 4535 ἐχθροῦ
608 4446 739 4521 λέοντος
760 4445 892 4529 δυσμενῆ
913 4445 1134 4534 βλαστήματα.
