3180 5196
232 577 342 656 Quum
374 597 449 640 vero
480 577 644 662 plerique,
678 575 734 662 qui
768 575 919 661 Euripidi
949 581 1007 641 aut
1035 575 1230 660 patrocinati
1254 582 1311 640 aut

232 689 394 754 adversati
429 697 522 773 sunt,
554 690 663 776 potius
688 691 729 754 ab
752 689 960 775 opinionibus
986 689 1215 776 praejudicatis
1236 712 1312 775 pro-

232 802 452 868 ficiscerentur
476 825 574 888 quam
598 825 652 868 res
685 803 773 888 ipsas
800 825 974 888 earumque
998 824 1110 868 causas
1135 803 1312 888 investiga-

233 919 326 998 rent,
359 915 498 1001 denique
520 914 595 982 ¹“de
626 919 694 981 vita
716 922 749 981 et
777 918 868 1002 poesi
892 916 1077 1002 Euripidis,
1100 921 1175 1001 post
1196 916 1312 980 imme-

190 1115 201 1128 ·
234 1027 407 1093 motabiles
433 1028 571 1093 aliorum
594 1036 748 1110 conatus,
771 1029 896 1114 primus
918 1029 1045 1095 doctius
1069 1036 1102 1094 et
1124 1029 1312 1114 intelligen-

143 1187 144 1192 η
235 1141 303 1206 tius
335 1141 518 1226 disputavit
554 1141 593 1208 G.
634 1142 861 1226 Bernhardyus
895 1143 928 1206 in
963 1142 1102 1207 historia
1127 1142 1313 1207 literaturae
1339 1181 1341 1185 -

237 1255 379 1320 Graecae
422 1255 483 1318 vol.
524 1255 559 1319 II
590 1266 672 1340 part.
711 1260 747 1319 2·
772 1278 844 1341 pag.
882 1257 1079 1321 348-444”
1122 1255 1313 1340 [asa-506

236 1367 390 1432 editionis
424 1369 552 1452 tertiae]
568 1374 587 1452 ¹,
636 1369 699 1433 Hic
724 1376 832 1434 autem
858 1370 1002 1434 medium
1026 1370 1186 1455 quoddam
1209 1372 1316 1435 tenuit

237 1483 320 1566 iter,
346 1480 432 1568 quod
456 1481 535 1565 quin
557 1481 650 1545 unice
672 1481 769 1546 ducat
794 1481 836 1544 ad
860 1503 968 1546 veram
992 1482 1188 1546 sententiam
1204 1483 1314 1548 nullus

238 1595 361 1661 dubito.
385 1595 474 1658 Dum
497 1593 585 1658 enim
610 1593 731 1658 fatetur
746 1593 1000 1678 Aristophanem
1018 1593 1101 1658 nihil
1117 1595 1316 1660 calumniose
1355 1679 1356 1682 Ἴ
1445 1606 1446 1609 ’

239 1708 291 1772 vel
321 1702 419 1772 etiam
453 1705 575 1791 injuste
613 1706 652 1771 de
687 1705 844 1790 Euripide
873 1706 994 1771 dixisse
1009 1713 1039 1788 ²,
1076 1706 1175 1771 simul
1206 1713 1316 1772 tamen

239 1818 404 1885 intellexit
434 1841 500 1882 non
523 1840 604 1904 opus
630 1841 700 1883 esse
724 1825 780 1900 ut,
805 1819 927 1892 comico
951 1819 1099 1904 quamvis
1121 1820 1315 1904 assentiare,

240 1935 313 1999 ideo
340 1932 499 2018 tragicum
519 1933 687 1997 fastidiose
709 1938 916 2014 contemnas,
941 1931 997 1996 sed
1019 1931 1214 2018 Euripideae
1237 1955 1317 2018 quo-

242 2069 304 2131 que
337 2045 400 2111 arti
433 2067 525 2110 suam
559 2067 618 2110 nec
644 2046 838 2110 mediocrem
869 2050 1016 2110 constare
1038 2045 1189 2129 laudern,
1222 2047 1316 2113 dum-

241 2160 338 2224 modo
361 2181 402 2223 ne
419 2157 584 2243 judicetur
607 2159 785 2255 secundum
808 2158 937 2223 easdem
956 2159 1043 2244 leges
1065 2182 1145 2244 quas
1160 2160 1319 2246 applicuit

242 2273 383 2338 comicus
400 2273 421 2337 ³.

288 2385 356 2450 Nec
389 2385 520 2450 silentio
554 2385 806 2469 praetereundus
842 2383 1084 2469 Mommsenus‚
1119 2387 1175 2472 qui
1199 2387 1233 2452 in
1255 2389 1320 2452 fine

246 2497 346 2584 primi
381 2496 558 2563 voluminis
595 2517 671 2561 suae
707 2495 873 2561 Historiae
908 2497 1073 2562 Romanae
1107 2499 1246 2565 breviter
1281 2501 1321 2565 de

246 2610 401 2697 Euripide
421 2609 589 2695 exposuit,
613 2608 669 2672 sed
703 2629 858 2693 perquam
879 2608 973 2672 docte
993 2614 1026 2672 et
1051 2611 1240 2695 perspicue,
1268 2613 1321 2678 hic

245 2747 371 2811 quoque
394 2723 652 2809 Aristophaneae
677 2722 859 2786 sententiae
882 2721 1008 2806 adjecto
1031 2719 1163 2788 calcula.

291 2837 461 2904 Germanis
486 2837 670 2912 auctoribus
690 2835 868 2920 adjungere
881 2835 978 2921 juvat
996 2841 1176 2902 nostratem
1187 2837 1322 2902 Petrum

246 2975 310 3018 van
335 2952 493 3036 Limburg
517 2949 668 3016 Brouwer
681 2950 713 3033 ⁴,
747 2950 803 3035 qui
828 2949 994 3014 nonnullis
1018 2950 1135 3014 abhinc
1159 2949 1322 3014 decenniis

246 3066 349 3131 edidit
382 3064 531 3130 libellum
566 3064 606 3128 de
635 3062 727 3148 poesi.
755 3061 952 3147 Euripidae,
977 3063 1066 3127 satis
1082 3063 1265 3147 elegantem
1289 3067 1323 3126 et

246 3201 333 3244 nuno
353 3199 495 3264 quoque,
522 3174 731 3261 quantumvis
755 3173 1002 3260 inveteraverit,
1026 3175 1113 3240 lectu
1141 3197 1207 3240 non
1236 3176 1322 3240 indi-

245 3313 369 3376 gnum3
399 3311 550 3376 magnus,
563 3287 767 3371 caeteroquin
793 3286 960 3371 Euripidis
984 3288 1177 3370 admirator,
1202 3287 1236 3350 in
1260 3311 1322 3373 quc

281 3566 289 3596 ¹
305 3566 417 3616 Dindorf.
435 3567 506 3614 Post.
524 3563 595 3614 Scan.
615 3561 710 3624 proleg.
728 3561 758 3608 ad
775 3560 863 3622 Eurip.
880 3575 937 3623 pag.
958 3562 995 3608 19.

279 3653 504 3717 ²“Arist0phenas
525 3651 593 3700 hatte
614 3650 691 3699 sehon
713 3649 761 3698 alle
781 3649 959 3698 wesentlichen
978 3650 1078 3698 Punkte
1095 3652 1138 3698 der
1155 3650 1271 3699 Polemik
1287 3664 1325 3698 er-

246 3744 366 3808 “griffem
377 3777 399 3791 ..
421 3745 458 3793 Er
475 3744 509 3790 ist
524 3742 551 3789 in
568 3741 662 3790 seinem
680 3739 761 3790 Recht
777 3739 863 3788 sobald
883 3753 911 3787 er
928 3739 966 3788 die
982 3740 1162 3801 Fordarrmgon
1178 3741 1221 3788 des
1240 3739 1324 3788 reinen

247 3833 430 3884 “Geschmacks
451 3835 502 3881 und
524 3834 568 3881 der
584 3831 746 3894 organischen
768 3830 856 3878 Poesie
874 3843 957 3892 gagen
973 3829 1013 3878 die
1030 3830 1177 3878 Ketzereien
1194 3830 1236 3877 des
1253 3829 1325 3876 Euri-

248 3923 334 3986 “pides
350 3919 449 3981 kehrt.’'
468 3924 540 3985 (Pag.
557 3921 624 3982 395.)

281 4013 291 4042 ³
309 4014 360 4062 “Es
376 4015 442 4060 ware
459 4011 577 4060 verkehrt
593 4012 644 4058 und
660 4010 765 4072 unbillig
782 4010 830 4057 dan
847 4008 949 4056 antikcn
960 4009 1084 4056 Massstab
1103 4008 1257 4077 auzulegcn''
1277 4016 1327 4056 eto.

247 4102 321 4164 (Peg.
337 4101 404 4163 389.)
960 4105 963 4111 '

280 4191 291 4222 ⁴
309 4193 403 4240 Proem
420 4207 478 4239 ocor
495 4191 525 4240 dc
542 4189 664 4254 aedclijloc
681 4189 833 4238 acbooabea'd
850 4189 896 4236 der
909 4188 993 4251 potaaj
1010 4202 1062 4235 cca
1084 4189 1236 4251 Erricides,
1255 4189 1326 4238 lass.

248 4281 362 4330 Maxima
386 4277 459 4341 hujus
483 4280 540 4328 libri
565 4295 622 4343 pars
646 4279 676 4326 ab
701 4285 799 4328 auctore
820 4284 906 4341 postea
922 4276 1045 4324 transfusa
1061 4284 1098 4325 est
1115 4277 1140 4324 in
1158 4292 1219 4340 opus
1237 4275 1326 4340 majus,

248 4385 298 4433 quo
322 4371 374 4432 egit
399 4370 430 4418 dc
455 4369 606 4418 Graecorum
627 4366 734 4414 moribus
755 4373 780 4414 et
796 4365 886 4423 literis,
903 4364 999 4415 Gallica
1017 4379 1075 4413 usus
1091 4365 1189 4430 lingua:
1211 4367 1328 4414 Histoire

249 4459 281 4507 de
299 4459 325 4505 lc
342 4458 500 4506 ctotliaatioa
517 4457 559 4504 dcc
581 4457 666 4506 Graes.
