3154 5198
835 379 873 438 10

319 561 489 643 Cleonem,
524 558 764 644 Hyperbolum,
805 582 870 625 non
911 561 1051 646 amplius
1087 561 1274 626 infestasset
1312 562 1395 626 Ari.-

317 674 511 759 stophanes,
557 672 614 737 ubi
658 678 836 756 prostratos
876 674 1000 739 videret
1018 732 1021 736 .
1041 675 1136 739 rebus
1170 674 1313 740 adversis
1337 675 1395 739 vel

316 793 419 852 morte
437 788 460 870 ¹,
492 785 680 870 Euripidem
705 787 804 851 etiem
829 793 994 852 mortuum
1017 787 1124 853 vivere
1146 786 1310 852 intellexit
1332 809 1395 872 per

316 901 437 985 scripta
468 921 527 964 sua
543 901 571 976 ’3
602 921 678 963 nam
710 899 790 964 satis
814 900 917 964 bonae
940 900 1059 965 mentis
1084 901 1113 966 ei
1138 906 1206 965 erat
1230 907 1267 965 ut
1289 923 1390 986 quem

316 1013 427 1078 oderat
460 1019 493 1077 et
524 1012 742 1096 perniciosum
782 1013 1009 1096 existimabat,
1053 1036 1118 1079 non
1158 1014 1238 1080 item
1279 1019 1392 1080 conte·

271 1123 274 1128 ’
302 1134 457 1222 ⁸mneret3
482 1127 548 1192 imo
573 1127 792 1193 adversarium
816 1128 938 1193 sciebat
960 1129 1095 1212 fortem,
1125 1129 1205 1194 bene
1228 1135 1392 1194 armatum

315 1239 441 1324 sibique
462 1261 574 1325 parem
594 1240 614 1304 ³.

358 1352 471 1438 Neque
506 1353 617 1418 mirari
640 1353 811 1437 debemus,
836 1354 871 1418 in
895 1354 1053 1440 eligendis
1078 1347 1152 1420 telis
1177 1355 1295 1441 quibus
1319 1360 1387 1420 tre-

313 1467 424 1551 gicum
453 1465 638 1530 confoderet
670 1487 736 1531 non
767 1467 815 1531 its
837 1467 1014 1534 difficilem
1028 1491 1062 1534 se
1085 1469 1288 1553 praestitisse
1310 1470 1389 1534 Ari-

315 1580 515 1664 stophanem.
565 1579 687 1645 Durius
722 1601 798 1645 sone
829 1580 930 1646 videri
952 1583 1057 1666 possit
1081 1590 1113 1647 et
1137 1605 1179 1647 ex
1204 1589 1390 1650 nostrorum

346 1854 353 1884 ¹
371 1855 422 1904 Vd.
444 1855 510 1903 Nub.
532 1856 581 1903 549
596 1869 649 1918 sqq.
668 1856 707 1916 (de
724 1870 772 1918 quo
788 1855 841 1906 loco
858 1857 990 1920 insigniter
1006 1858 1138 1921 aliquando
1155 1857 1249 1906 erravit
1274 1856 1306 1906 G.
1323 1857 1389 1904 Her-

313 1957 417 1992 monnus
442 1945 473 1992 de
497 1944 572 1994 Metr.
599 1945 630 1994 R.
656 1954 681 1992 et
706 1944 750 1994 Gr.
772 1961 796 2008 p.
821 1947 885 2004 380,
909 1946 1008 1994 veriore
1033 1955 1116 1995 temen
1138 1946 1268 2009 proferens
1286 1947 1311 1994 in
1328 1961 1388 1994 suae

312 2033 424 2083 Nubium-
440 2033 552 2083 editionis
569 2035 727 2084 adnotatione
743 2037 774 2083 ad
790 2036 855 2084 hunc
872 2037 972 2098 locum),
989 2037 1083 2086 collatis
1100 2039 1158 2087 Psc.
1176 2038 1226 2086 648
1242 2043 1294 2101 sqq.

344 2124 402 2172 Non
427 2124 516 2187 igitur,
541 2124 588 2171 nisi
612 2124 639 2172 in
664 2139 714 2173 uno
738 2125 870 2187 Euripide,
889 2125 1019 2188 negligere
1035 2127 1130 2175 solebat
1146 2134 1306 2189 praeceptum
1323 2140 1388 2173 coms

312 2213 395 2261 munis
411 2213 582 2272 humanitatis,
600 2213 630 2261 ab
650 2213 800 2262 Archilocho
817 2214 851 2261 sic
868 2229 1025 2276 expressum:
1315 2217 1317 2220 ’

506 2303 535 2351 οὐ
552 2303 600 2367 γὰρ
617 2302 695 2351 ἐσθλὰ
712 2303 865 2351 κατθανοῦσι
875 2309 1009 2368 ,κερτομεῖν
1026 2303 1066 2352 ἐπ’
1084 2303 1216 2368 ἀνδράσιν,

313 2391 352 2438 vel
368 2399 397 2439 ut
413 2391 540 2454 Euripidis
556 2392 631 2440 citem
652 2405 764 2439 versum:

506 2479 530 2527 ri
547 2481 607 2536 τοὺς
624 2480 750 2536 θανόντας
767 2481 813 2528 οὐκ
830 2481 873 2546 qiu
891 2480 1047 2541 τεθνηκέναι;
1073 2482 1171 2545 (fragm.
1198 2482 1386 2544 eMelsnippe;
1480 2497 1485 2506 ·

312 2571 361 2619 505
379 2570 469 2632 Wagu.
486 2571 535 2618 510
552 2568 640 2629 Dind.)
659 2597 690 2605 —-·
706 2569 784 2632 Soph.
800 2568 875 2632 Ajec.
893 2586 929 2618 vs.
951 2573 1024 2621 1:344:

700 2659 780 2722 ἄνδρα
798 2659 819 2708 δ’
836 2661 866 2708 οὐ
883 2661 992 2723 δίκαιον,
1008 2661 1028 2708 εἰ
1045 2661 1133 2722 θάνοι,

493 2747 637 2809 ’βλάπτειν
654 2749 700 2797 τὸν
717 2749 821 2808 ἐσθλόν,
839 2748 890 2798 οὐδ’
908 2751 953 2798 ἐὰν
970 2755 1050 2814 μισῶν
1067 2751 1153 2815 κυρῆς.

345 2839 428 2890 'Scio
452 2840 580 2888 Rsncrum
604 2852 638 2885 vs.
663 2838 713 2886 868
729 2852 764 2901 sq.
782 2839 854 2901 plene
870 2838 1022 2887 contrarium
1037 2839 1172 2888 continere.
1206 2839 1316 2901 Tempus
1339 2839 1386 2888 luit

312 2944 389 2992 quum
416 2930 472 2978 ideo
499 2927 575 2977 verba
599 2926 729 2990 Aeschyli:
757 2927 773 2986 ἡ
800 2929 901 2988 ποίησις
926 2929 983 2992 οὐχὶ
1009 2927 1157 2988 συντέθνηκέ
1183 2947 1238 2991 μοι,
1263 2929 1344 2992 τούτῳ
1362 2928 1386 2976 δὲ

313 3019 478 3078 συντέθνηκεν
504 3023 603 3066 vertere
627 3015 730 3064 vellem:
752 3031 796 3065 ors
819 3019 921 3080 poeit'co
942 3033 993 3066 uon
1009 3018 1087 3066 simul
1102 3033 1197 3068 mecum
1214 3019 1278 3066 obit't
1295 3020 1386 3082 (super,

311 3109 407 3158 stitibns
424 3122 456 3157 sc.
473 3107 527 3154 eliis
542 3085 740 3169 bonis'tragicis)
757 3106 800 3154 scd
816 3107 894 3154 etmel
910 3122 968 3158 αιιιο
985 3107 1029 3156 hoc
1046 3108 1121 3167 obiti,
1140 3109 1207 3171 quod
1223 3122 1311 3157 verum
1326 3113 1386 3165 erat,

312 3207 340 3248 ut
364 3199 416 3261 ipse
434 3211 530 3260 quoque
547 3195 673 3259 Dionysus
690 3210 764 3258 supra
779 3211 815 3244 vs.
831 3197 862 3248 71
881 3212 933 3260 sqq.
951 3197 1063 3256 dixerut,
1079 3212 1138 3246 nam
1154 3198 1206 3246 fere
1223 3199 1309 3246 eodem
1326 3204 1385 3246 tem·

312 3303 371 3354 pore
387 3303 437 3352 quc
452 3286 596 3350 Euripides,
614 3286 710 3334 obierat
727 3286 873 3349 Sophocles,
891 3287 987 3336 abierut
1006 3287 1187 3351 Agathonnee
1195 3286 1249 3349 jsm
1259 3294 1387 3352 supererat

312 3377 421 3441 tragicus
437 3375 579 3426 tolerabilis.
600 3401 629 3412 -
646 3375 696 3426 Sed
713 3381 798 3424 temen
813 3375 895 3424 miuus
912 3378 1052 3439 adaptatam
1068 3377 1146 3427 fateor
1163 3378 1226 3437 hanc
1240 3377 1385 3427 sententiam

313 3467 451 3526 contextui,
476 3466 558 3530 itaque
582 3473 677 3514 vertam
703 3465 785 3527 potius
808 3472 836 3514 ut
864 3467 956 3517 solent:
982 3482 1039 3516 meu
1062 3469 1131 3516 eorm
1148 3482 1226 3530 opera
1243 3483 1295 3516 nort
1311 3467 1387 3516 ιιόιιιῐ

315 3573 410 3607 noscunt
433 3557 516 3604 obiere
541 3556 607 3618 (aere
633 3553 782 3616 perenniora
809 3554 916 3616 scripsi),
934 3555 1009 3618 liujus
1026 3569 1085 3602 cero
1102 3557 1202 3618 empta
1219 3571 1271 3604 ιιοα
1288 3557 1385 3620 hietque-

313 3651 386 3696 oc'orc
405 3647 519 3707 fuerunt
544 3647 614 3708 ipro:
639 3657 687 3706 quo
704 3643 791 3692 acerbo
810 3643 930 3706 Aeschyli
950 3641 1007 3703 joco
1025 3650 1172 3692 nontamen
1190 3656 1275 3692 veram
1291 3645 1385 3694 Aristo·

314 3736 401 3800 phanis
415 3735 555 3798 opinionem
573 3732 680 3796 exprimi
699 3740 767 3795 puto.
1084 3732 1086 3736 '

348 3825 425 3874 ³Vid
455 3823 557 3886 Proleg.
582 3822 614 3870 sd
636 3821 770 3885 Aristoph.
798 3820 867 3869 XIII
884 3821 960 3870 Dind.
980 3821 1021 3883 (=
1037 3821 1124 3884 sregm.
1142 3824 1202 3882 3973
1221 3822 1296 3870 schol.
1314 3822 1381 3871 Plst.

315 3929 371 3978 pag.
387 3916 437 3964 330
453 3912 544 3974 Belrk.)
562 3911 603 3960 uhi
624 3909 721 3960 Crutini
740 3910 766 3958 hi
784 3924 870 3958 versus
886 3911 1009 3959 citantur:
1166 3901 1168 3907 ’

441 3999 445 4006 ’
508 4002 546 4059 τίς
564 4001 588 4050 δὲ
606 4003 635 4048 σὺ
653 4000 792 4065 κομψὸς...
815 4019 854 4058 τις
871 4002 951 4066 ἔροιτο
969 4001 1069 4060 θεατής·

507 4090 727 4154 ὑπολεπτόλογος,
745 4090 939 4154 γνωμιὸιώκτης,
957 4090 1262 4155 εὐριπιδαριστοφανὶζων.

315 4193 341 4232 ct
357 4181 433 4246 ipsius
450 4181 626 4244 Aristophanis
643 4180 690 4228 hoc
706 4180 840 4229 distichon:

509 4275 606 4334 χρῶμαι
623 4271 669 4332 γὰρ
687 4269 764 4317 αὐτοῦ
783 4271 827 4317 τοῦ
845 4269 970 4331 στόματος
989 4270 1025 4332 rqi
1042 4269 1202 4332 στρογγύλῳ,

511 4362 570 4418 τοὺς
587 4361 645 4414 νοῦς
665 4357 683 4406 δ’
702 4358 837 4422 ἀγοραίους
854 4355 931 4416 ἧττον
947 4359 963 4416 ἢ
981 4356 1069 4414 'ssim
1087 4362 1161 4406 ποιῶ.

317 4451 342 4497 iu
359 4463 406 4512 quo
424 4449 629 4510 vituperationem
646 4447 769 4509 praecedit
785 4446 839 4495 leus
857 4447 911 4496 “ori
927 4447 1048 4496 rotundo’'
1067 4447 1195 4511 Euripidis
1212 4449 1313 4497 tributa.
