<?xml version="1.0" encoding="UTF-8"?>
<!DOCTYPE html PUBLIC "-//W3C//DTD XHTML 1.0 Transitional//EN"
    "http://www.w3.org/TR/xhtml1/DTD/xhtml1-transitional.dtd">
<html xmlns="http://www.w3.org/1999/xhtml" xml:lang="en" lang="en">
 <head>
  <title>
</title>
<meta http-equiv="Content-Type" content="text/html;charset=utf-8" />
  <meta name='ocr-system' content='tesseract 3.04.00' />
  <meta name='ocr-capabilities' content='ocr_page ocr_carea ocr_par ocr_line ocrx_word'/>
</head>
<body>
  <div class='ocr_page' id='page_1' title='image "./specimenliterar02leeugoog_0029.png"; bbox 0 0 3154 5198; ppageno 0'>
   <div class='ocr_carea' id='block_1_1' title="bbox 846 395 884 454">
    <p class='ocr_par' dir='ltr' id='par_1_1' title="bbox 846 395 884 454">
     <span class='ocr_line' id='line_1_1' title="bbox 846 395 884 454; baseline -0.026 0"><span class='ocrx_word' id='word_1_1' title='bbox 846 395 884 454; x_wconf 72' lang='lat'>14</span> 
     </span>
    </p>
   </div>
   <div class='ocr_carea' id='block_1_2' title="bbox 304 577 1417 4175">
    <p class='ocr_par' dir='ltr' id='par_1_2' title="bbox 329 577 1417 1567">
     <span class='ocr_line' id='line_1_2' title="bbox 329 577 1417 663; baseline 0.003 -22"><span class='ocrx_word' id='word_1_2' title='bbox 329 577 412 644; x_wconf 89' lang='lat' dir='ltr'>inter</span> <span class='ocrx_word' id='word_1_3' title='bbox 444 599 554 642; x_wconf 90' lang='lat' dir='ltr'>omnes</span> <span class='ocrx_word' id='word_1_4' title='bbox 583 577 657 642; x_wconf 90' lang='lat' dir='ltr'>illos</span> <span class='ocrx_word' id='word_1_5' title='bbox 687 577 757 663; x_wconf 92' lang='lat' dir='ltr'>pios</span> <span class='ocrx_word' id='word_1_6' title='bbox 784 577 917 642; x_wconf 89' lang='lat' dir='ltr'>deorum</span> <span class='ocrx_word' id='word_1_7' title='bbox 943 578 1081 642; x_wconf 91' lang='lat' dir='ltr'>cultores</span> <span class='ocrx_word' id='word_1_8' title='bbox 1106 599 1249 662; x_wconf 89' lang='lat' dir='ltr'>unquam</span> <span class='ocrx_word' id='word_1_9' title='bbox 1273 579 1312 644; x_wconf 89' lang='lat' dir='ltr'>de</span> <span class='ocrx_word' id='word_1_10' title='bbox 1339 579 1417 644; x_wconf 90' lang='lat' dir='ltr'>diis</span> 
     </span>
     <span class='ocr_line' id='line_1_3' title="bbox 330 690 1416 776; baseline 0.001 -21"><span class='ocrx_word' id='word_1_11' title='bbox 330 691 411 756; x_wconf 90' lang='lat' dir='ltr'>serio</span> <span class='ocrx_word' id='word_1_12' title='bbox 435 690 647 775; x_wconf 81' lang='lat' dir='ltr'>cogitaverat,</span> <span class='ocrx_word' id='word_1_13' title='bbox 671 697 704 755; x_wconf 91' lang='lat' dir='ltr'>et</span> <span class='ocrx_word' id='word_1_14' title='bbox 727 712 869 776; x_wconf 88' lang='lat' dir='ltr'>eaquae</span> <span class='ocrx_word' id='word_1_15' title='bbox 892 690 1214 775; x_wconf 82' lang='lat' dir='ltr'>auribusaooeperet</span> <span class='ocrx_word' id='word_1_16' title='bbox 1237 691 1288 756; x_wconf 90' lang='lat' dir='ltr'>vel</span> <span class='ocrx_word' id='word_1_17' title='bbox 1299 690 1416 756; x_wconf 88' lang='lat' dir='ltr'>labris</span> 
     </span>
     <span class='ocr_line' id='line_1_4' title="bbox 329 802 1414 890; baseline 0.001 -22"><span class='ocrx_word' id='word_1_18' title='bbox 329 803 499 868; x_wconf 85' lang='lat' dir='ltr'>enunciare</span> <span class='ocrx_word' id='word_1_19' title='bbox 530 802 655 867; x_wconf 81' lang='lat' dir='ltr'>solebat</span> <span class='ocrx_word' id='word_1_20' title='bbox 677 804 711 867; x_wconf 93' lang='lat' dir='ltr'>in</span> <span class='ocrx_word' id='word_1_21' title='bbox 734 803 881 868; x_wconf 89' lang='lat' dir='ltr'>animum</span> <span class='ocrx_word' id='word_1_22' title='bbox 904 824 1031 890; x_wconf 91' lang='lat' dir='ltr'>quoque</span> <span class='ocrx_word' id='word_1_23' title='bbox 1053 803 1193 887; x_wconf 89' lang='lat' dir='ltr'>recipere</span> <span class='ocrx_word' id='word_1_24' title='bbox 1216 803 1322 868; x_wconf 84' lang='lat' dir='ltr'>fuerat</span> <span class='ocrx_word' id='word_1_25' title='bbox 1349 825 1414 869; x_wconf 91' lang='lat' dir='ltr'>co—</span> 
     </span>
     <span class='ocr_line' id='line_1_5' title="bbox 329 916 1414 1003; baseline 0.001 -23"><span class='ocrx_word' id='word_1_26' title='bbox 329 919 446 982; x_wconf 89' lang='lat' dir='ltr'>natus?</span> <span class='ocrx_word' id='word_1_27' title='bbox 475 916 562 981; x_wconf 86' lang='lat' dir='ltr'>Fieri</span> <span class='ocrx_word' id='word_1_28' title='bbox 585 938 662 980; x_wconf 89' lang='lat' dir='ltr'>sane</span> <span class='ocrx_word' id='word_1_29' title='bbox 684 921 793 1001; x_wconf 89' lang='lat' dir='ltr'>potest</span> <span class='ocrx_word' id='word_1_30' title='bbox 816 922 853 981; x_wconf 92' lang='lat' dir='ltr'>ut</span> <span class='ocrx_word' id='word_1_31' title='bbox 876 939 988 981; x_wconf 85' lang='lat' dir='ltr'>caecus</span> <span class='ocrx_word' id='word_1_32' title='bbox 1012 917 1145 1003; x_wconf 93' lang='lat' dir='ltr'>quidam</span> <span class='ocrx_word' id='word_1_33' title='bbox 1161 917 1282 998; x_wconf 91' lang='lat' dir='ltr'>horror,</span> <span class='ocrx_word' id='word_1_34' title='bbox 1300 917 1414 982; x_wconf 88' lang='lat' dir='ltr'>insita</span> 
     </span>
     <span class='ocr_line' id='line_1_6' title="bbox 329 1029 1413 1114; baseline 0.004 -21"><span class='ocrx_word' id='word_1_35' title='bbox 329 1029 487 1114; x_wconf 90' lang='lat' dir='ltr'>quaedam</span> <span class='ocrx_word' id='word_1_36' title='bbox 515 1029 695 1094; x_wconf 88' lang='lat' dir='ltr'>reverentia</span> <span class='ocrx_word' id='word_1_37' title='bbox 723 1030 912 1095; x_wconf 73' lang='lat' dir='ltr'>coelicolum</span> <span class='ocrx_word' id='word_1_38' title='bbox 936 1030 1146 1096; x_wconf 75' lang='lat' dir='ltr'>comitaretur</span> <span class='ocrx_word' id='word_1_39' title='bbox 1169 1031 1249 1095; x_wconf 90' lang='lat' dir='ltr'>istos</span> <span class='ocrx_word' id='word_1_40' title='bbox 1274 1031 1360 1096; x_wconf 89' lang='lat' dir='ltr'>ritus</span> <span class='ocrx_word' id='word_1_41' title='bbox 1390 1054 1413 1096; x_wconf 89' lang='lat' dir='ltr'>a</span> 
     </span>
     <span class='ocr_line' id='line_1_7' title="bbox 329 1141 1412 1228; baseline 0.002 -22"><span class='ocrx_word' id='word_1_42' title='bbox 329 1141 504 1227; x_wconf 82' lang='lat' dir='ltr'>majoribus</span> <span class='ocrx_word' id='word_1_43' title='bbox 535 1148 701 1226; x_wconf 87' lang='lat' dir='ltr'>acceptos3</span> <span class='ocrx_word' id='word_1_44' title='bbox 738 1143 794 1207; x_wconf 90' lang='lat' dir='ltr'>sed</span> <span class='ocrx_word' id='word_1_45' title='bbox 827 1165 892 1207; x_wconf 88' lang='lat' dir='ltr'>non</span> <span class='ocrx_word' id='word_1_46' title='bbox 923 1153 1033 1208; x_wconf 88' lang='lat' dir='ltr'>tamen</span> <span class='ocrx_word' id='word_1_47' title='bbox 1068 1143 1284 1208; x_wconf 86' lang='lat' dir='ltr'>dubitandum</span> <span class='ocrx_word' id='word_1_48' title='bbox 1319 1151 1412 1228; x_wconf 91' lang='lat' dir='ltr'>puto</span> 
     </span>
     <span class='ocr_line' id='line_1_8' title="bbox 329 1255 1410 1342; baseline 0.002 -22"><span class='ocrx_word' id='word_1_49' title='bbox 329 1255 407 1340; x_wconf 92' lang='lat' dir='ltr'>quin</span> <span class='ocrx_word' id='word_1_50' title='bbox 432 1256 471 1320; x_wconf 93' lang='lat' dir='ltr'>de</span> <span class='ocrx_word' id='word_1_51' title='bbox 494 1255 607 1320; x_wconf 84' lang='lat' dir='ltr'>Attica</span> <span class='ocrx_word' id='word_1_52' title='bbox 626 1255 748 1340; x_wconf 88' lang='lat' dir='ltr'>pietate</span> <span class='ocrx_word' id='word_1_53' title='bbox 767 1255 839 1339; x_wconf 89' lang='lat' dir='ltr'>jure</span> <span class='ocrx_word' id='word_1_54' title='bbox 863 1256 968 1321; x_wconf 91' lang='lat' dir='ltr'>dicere</span> <span class='ocrx_word' id='word_1_55' title='bbox 991 1257 1096 1340; x_wconf 91' lang='lat' dir='ltr'>possis</span> <span class='ocrx_word' id='word_1_56' title='bbox 1120 1257 1205 1342; x_wconf 88' lang='lat' dir='ltr'>quod</span> <span class='ocrx_word' id='word_1_57' title='bbox 1228 1257 1342 1341; x_wconf 90' lang='lat' dir='ltr'>vulpes</span> <span class='ocrx_word' id='word_1_58' title='bbox 1363 1258 1410 1322; x_wconf 93' lang='lat' dir='ltr'>de</span> 
     </span>
     <span class='ocr_line' id='line_1_9' title="bbox 329 1368 1409 1454; baseline 0.002 -20"><span class='ocrx_word' id='word_1_59' title='bbox 329 1390 465 1453; x_wconf 89' lang='lat' dir='ltr'>persona</span> <span class='ocrx_word' id='word_1_60' title='bbox 499 1369 579 1432; x_wconf 89' lang='lat' dir='ltr'>bene</span> <span class='ocrx_word' id='word_1_61' title='bbox 613 1368 716 1433; x_wconf 85' lang='lat' dir='ltr'>facta:</span> <span class='ocrx_word' id='word_1_62' title='bbox 749 1376 818 1434; x_wconf 89' lang='lat' dir='ltr'>tam</span> <span class='ocrx_word' id='word_1_63' title='bbox 849 1369 972 1435; x_wconf 89' lang='lat' dir='ltr'>bellum</span> <span class='ocrx_word' id='word_1_64' title='bbox 1005 1375 1104 1454; x_wconf 89' lang='lat' dir='ltr'>caput</span> <span class='ocrx_word' id='word_1_65' title='bbox 1135 1370 1300 1435; x_wconf 88' lang='lat' dir='ltr'>cerebrum</span> <span class='ocrx_word' id='word_1_66' title='bbox 1333 1393 1409 1436; x_wconf 87' lang='lat' dir='ltr'>non</span> 
     </span>
     <span class='ocr_line' id='line_1_10' title="bbox 329 1483 1185 1567; baseline 0.001 -20"><span class='ocrx_word' id='word_1_67' title='bbox 329 1483 444 1561; x_wconf 86' lang='lat' dir='ltr'>habet3</span> <span class='ocrx_word' id='word_1_68' title='bbox 470 1491 561 1547; x_wconf 81' lang='lat' dir='ltr'>extra</span> <span class='ocrx_word' id='word_1_69' title='bbox 583 1483 697 1548; x_wconf 89' lang='lat' dir='ltr'>decora</span> <span class='ocrx_word' id='word_1_70' title='bbox 720 1484 840 1567; x_wconf 90' lang='lat' dir='ltr'>multa,</span> <span class='ocrx_word' id='word_1_71' title='bbox 865 1485 955 1549; x_wconf 90' lang='lat' dir='ltr'>intus</span> <span class='ocrx_word' id='word_1_72' title='bbox 979 1484 1076 1549; x_wconf 91' lang='lat' dir='ltr'>solidi</span> <span class='ocrx_word' id='word_1_73' title='bbox 1094 1485 1185 1550; x_wconf 87' lang='lat' dir='ltr'>nihil.</span> 
     </span>
    </p>

    <p class='ocr_par' dir='ltr' id='par_1_3' title="bbox 304 1593 1406 4175">
     <span class='ocr_line' id='line_1_11' title="bbox 375 1593 1406 1682; baseline -0.003 -20"><span class='ocrx_word' id='word_1_74' title='bbox 375 1596 438 1662; x_wconf 84' lang='lat' dir='ltr'>sed</span> <span class='ocrx_word' id='word_1_75' title='bbox 467 1596 571 1680; x_wconf 91' lang='lat' dir='ltr'>pietas</span> <span class='ocrx_word' id='word_1_76' title='bbox 601 1594 677 1677; x_wconf 91' lang='lat' dir='ltr'>illa,</span> <span class='ocrx_word' id='word_1_77' title='bbox 703 1593 923 1681; x_wconf 76' lang='grc' dir='ltr'>δεισιδαιμονίᾳ</span> <span class='ocrx_word' id='word_1_78' title='bbox 944 1596 1069 1679; x_wconf 87' lang='lat' dir='ltr'>vicina,</span> <span class='ocrx_word' id='word_1_79' title='bbox 1094 1598 1290 1682; x_wconf 90' lang='lat' dir='ltr'>quominus</span> <span class='ocrx_word' id='word_1_80' title='bbox 1315 1598 1406 1662; x_wconf 89' lang='lat' dir='ltr'>altas</span> 
     </span>
     <span class='ocr_line' id='line_1_12' title="bbox 330 1709 1405 1796; baseline -0.004 -19"><span class='ocrx_word' id='word_1_81' title='bbox 330 1711 448 1796; x_wconf 85' lang='lat' dir='ltr'>agebat</span> <span class='ocrx_word' id='word_1_82' title='bbox 479 1709 617 1792; x_wconf 89' lang='lat' dir='ltr'>radices,</span> <span class='ocrx_word' id='word_1_83' title='bbox 646 1731 683 1774; x_wconf 88' lang='lat' dir='ltr'>eo</span> <span class='ocrx_word' id='word_1_84' title='bbox 707 1710 928 1794; x_wconf 87' lang='lat' dir='ltr'>impatientior</span> <span class='ocrx_word' id='word_1_85' title='bbox 951 1717 1020 1775; x_wconf 89' lang='lat' dir='ltr'>erat</span> <span class='ocrx_word' id='word_1_86' title='bbox 1042 1712 1302 1796; x_wconf 87' lang='lat' dir='ltr'>disputationum</span> <span class='ocrx_word' id='word_1_87' title='bbox 1325 1709 1405 1796; x_wconf 92' lang='lat' dir='ltr'>phi-</span> 
     </span>
     <span class='ocr_line' id='line_1_13' title="bbox 330 1822 1404 1922; baseline -0.001 -35"><span class='ocrx_word' id='word_1_88' title='bbox 330 1823 578 1908; x_wconf 89' lang='lat' dir='ltr'>losophicarum.</span> <span class='ocrx_word' id='word_1_89' title='bbox 628 1824 681 1889; x_wconf 86' lang='lat' dir='ltr'>Sic</span> <span class='ocrx_word' id='word_1_90' title='bbox 713 1823 818 1888; x_wconf 88' lang='lat' dir='ltr'>arbori</span> <span class='ocrx_word' id='word_1_91' title='bbox 850 1824 987 1922; x_wconf 77' lang='lat' dir='ltr'>firmiter</span> <span class='ocrx_word' id='word_1_92' title='bbox 1017 1824 1086 1889; x_wconf 92' lang='lat' dir='ltr'>solo</span> <span class='ocrx_word' id='word_1_93' title='bbox 1109 1825 1291 1889; x_wconf 87' lang='lat' dir='ltr'>inhaerenti</span> <span class='ocrx_word' id='word_1_94' title='bbox 1316 1822 1404 1887; x_wconf 88' lang='lat' dir='ltr'>nihil</span> 
     </span>
     <span class='ocr_line' id='line_1_14' title="bbox 312 1929 1403 2022; baseline -0.002 -20"><span class='ocrx_word' id='word_1_95' title='bbox 312 1929 422 2002; x_wconf 70' lang='lat' dir='ltr'>&#39;obest</span> <span class='ocrx_word' id='word_1_96' title='bbox 454 1937 481 2002; x_wconf 87' lang='lat' dir='ltr'>si</span> <span class='ocrx_word' id='word_1_97' title='bbox 513 1937 674 2022; x_wconf 86' lang='lat' dir='ltr'>serpentia</span> <span class='ocrx_word' id='word_1_98' title='bbox 705 1938 789 2002; x_wconf 90' lang='lat' dir='ltr'>circa</span> <span class='ocrx_word' id='word_1_99' title='bbox 820 1938 935 2022; x_wconf 91' lang='lat' dir='ltr'>pedem</span> <span class='ocrx_word' id='word_1_100' title='bbox 966 1938 1045 2003; x_wconf 92' lang='lat' dir='ltr'>lolia</span> <span class='ocrx_word' id='word_1_101' title='bbox 1068 1938 1164 2003; x_wconf 88' lang='lat' dir='ltr'>tollas</span> <span class='ocrx_word' id='word_1_102' title='bbox 1188 1958 1403 2022; x_wconf 89' lang='lat' dir='ltr'>muscumque</span> 
     </span>
     <span class='ocr_line' id='line_1_15' title="bbox 330 2050 1401 2136; baseline -0.003 -20"><span class='ocrx_word' id='word_1_103' title='bbox 330 2076 350 2116; x_wconf 90' lang='lat' dir='ltr'>a</span> <span class='ocrx_word' id='word_1_104' title='bbox 382 2050 499 2117; x_wconf 89' lang='lat' dir='ltr'>cortice</span> <span class='ocrx_word' id='word_1_105' title='bbox 530 2051 667 2134; x_wconf 80' lang='lat' dir='ltr'>avellas,</span> <span class='ocrx_word' id='word_1_106' title='bbox 701 2050 757 2115; x_wconf 90' lang='lat' dir='ltr'>sed</span> <span class='ocrx_word' id='word_1_107' title='bbox 791 2050 901 2135; x_wconf 89' lang='lat' dir='ltr'>potius</span> <span class='ocrx_word' id='word_1_108' title='bbox 934 2051 1096 2134; x_wconf 88' lang='lat' dir='ltr'>proderit,</span> <span class='ocrx_word' id='word_1_109' title='bbox 1126 2050 1298 2136; x_wconf 87' lang='lat' dir='ltr'>patefactis</span> <span class='ocrx_word' id='word_1_110' title='bbox 1334 2051 1401 2115; x_wconf 80' lang='lat' dir='ltr'>ae&#39;ri</span> 
     </span>
     <span class='ocr_line' id='line_1_16' title="bbox 331 2163 1400 2251; baseline -0.003 -21"><span class='ocrx_word' id='word_1_111' title='bbox 331 2165 523 2251; x_wconf 90' lang='lat' dir='ltr'>pluviaeque</span> <span class='ocrx_word' id='word_1_112' title='bbox 553 2165 695 2229; x_wconf 86' lang='lat' dir='ltr'>aditibus</span> <span class='ocrx_word' id='word_1_113' title='bbox 719 2163 805 2228; x_wconf 90' lang='lat' dir='ltr'>unde</span> <span class='ocrx_word' id='word_1_114' title='bbox 828 2185 929 2229; x_wconf 91' lang='lat' dir='ltr'>novos</span> <span class='ocrx_word' id='word_1_115' title='bbox 953 2186 1064 2230; x_wconf 90' lang='lat' dir='ltr'>succos</span> <span class='ocrx_word' id='word_1_116' title='bbox 1088 2165 1201 2244; x_wconf 90' lang='lat' dir='ltr'>ducat;</span> <span class='ocrx_word' id='word_1_117' title='bbox 1227 2165 1283 2230; x_wconf 90' lang='lat' dir='ltr'>sed</span> <span class='ocrx_word' id='word_1_118' title='bbox 1306 2168 1400 2229; x_wconf 89' lang='lat' dir='ltr'>caute</span> 
     </span>
     <span class='ocr_line' id='line_1_17' title="bbox 331 2276 1398 2363; baseline -0.006 -18"><span class='ocrx_word' id='word_1_119' title='bbox 331 2285 471 2345; x_wconf 89' lang='lat' dir='ltr'>rastrum</span> <span class='ocrx_word' id='word_1_120' title='bbox 503 2277 695 2362; x_wconf 82' lang='lat' dir='ltr'>agitandum</span> <span class='ocrx_word' id='word_1_121' title='bbox 726 2276 787 2342; x_wconf 90' lang='lat' dir='ltr'>erit</span> <span class='ocrx_word' id='word_1_122' title='bbox 817 2278 902 2342; x_wconf 91' lang='lat' dir='ltr'>inter</span> <span class='ocrx_word' id='word_1_123' title='bbox 935 2278 1051 2363; x_wconf 86' lang='lat' dir='ltr'>stirpes</span> <span class='ocrx_word' id='word_1_124' title='bbox 1086 2279 1224 2344; x_wconf 88' lang='lat' dir='ltr'>cariosas</span> <span class='ocrx_word' id='word_1_125' title='bbox 1249 2284 1281 2344; x_wconf 90' lang='lat' dir='ltr'>et</span> <span class='ocrx_word' id='word_1_126' title='bbox 1304 2276 1398 2342; x_wconf 90' lang='lat' dir='ltr'>annis</span> 
     </span>
     <span class='ocr_line' id='line_1_18' title="bbox 330 2387 1397 2475; baseline -0.006 -16"><span class='ocrx_word' id='word_1_127' title='bbox 330 2415 457 2475; x_wconf 88' lang='lat' dir='ltr'>exesas,</span> <span class='ocrx_word' id='word_1_128' title='bbox 492 2413 532 2456; x_wconf 89' lang='lat' dir='ltr'>ne</span> <span class='ocrx_word' id='word_1_129' title='bbox 563 2412 637 2458; x_wconf 92' lang='lat' dir='ltr'>cum</span> <span class='ocrx_word' id='word_1_130' title='bbox 667 2390 840 2456; x_wconf 90' lang='lat' dir='ltr'>inutilibus</span> <span class='ocrx_word' id='word_1_131' title='bbox 863 2391 970 2456; x_wconf 89' lang='lat' dir='ltr'>herbis</span> <span class='ocrx_word' id='word_1_132' title='bbox 995 2387 1202 2457; x_wconf 83' lang='lat' dir='ltr'>succidentur</span> <span class='ocrx_word' id='word_1_133' title='bbox 1225 2391 1324 2456; x_wconf 90' lang='lat' dir='ltr'>simul</span> <span class='ocrx_word' id='word_1_134' title='bbox 1346 2411 1397 2454; x_wconf 94' lang='lat' dir='ltr'>ra-</span> 
     </span>
     <span class='ocr_line' id='line_1_19' title="bbox 330 2504 1396 2594; baseline -0.002 -25"><span class='ocrx_word' id='word_1_135' title='bbox 330 2505 432 2586; x_wconf 86' lang='lat' dir='ltr'>dices,</span> <span class='ocrx_word' id='word_1_136' title='bbox 457 2525 538 2589; x_wconf 87' lang='lat' dir='ltr'>quae</span> <span class='ocrx_word' id='word_1_137' title='bbox 561 2510 736 2594; x_wconf 83' lang='lat' dir='ltr'>supersunt</span> <span class='ocrx_word' id='word_1_138' title='bbox 758 2525 878 2588; x_wconf 87' lang='lat' dir='ltr'>paucae</span> <span class='ocrx_word' id='word_1_139' title='bbox 902 2514 935 2569; x_wconf 89' lang='lat' dir='ltr'>et</span> <span class='ocrx_word' id='word_1_140' title='bbox 949 2510 1070 2588; x_wconf 91' lang='lat' dir='ltr'>putres.</span> <span class='ocrx_word' id='word_1_141' title='bbox 1098 2544 1138 2553; x_wconf 95' lang='lat'><em>-</em></span> <span class='ocrx_word' id='word_1_142' title='bbox 1161 2504 1396 2590; x_wconf 88' lang='lat' dir='ltr'>Aristophanes</span> 
     </span>
     <span class='ocr_line' id='line_1_20' title="bbox 331 2616 1395 2704; baseline -0.002 -22"><span class='ocrx_word' id='word_1_143' title='bbox 331 2618 412 2683; x_wconf 91' lang='lat' dir='ltr'>mihi</span> <span class='ocrx_word' id='word_1_144' title='bbox 435 2616 563 2681; x_wconf 89' lang='lat' dir='ltr'>videtur</span> <span class='ocrx_word' id='word_1_145' title='bbox 585 2617 645 2681; x_wconf 90' lang='lat' dir='ltr'>hac</span> <span class='ocrx_word' id='word_1_146' title='bbox 668 2617 702 2680; x_wconf 90' lang='lat' dir='ltr'>in</span> <span class='ocrx_word' id='word_1_147' title='bbox 725 2623 816 2702; x_wconf 88' lang='lat' dir='ltr'>parte</span> <span class='ocrx_word' id='word_1_148' title='bbox 840 2618 958 2683; x_wconf 91' lang='lat' dir='ltr'>similis</span> <span class='ocrx_word' id='word_1_149' title='bbox 981 2617 1092 2683; x_wconf 69' lang='lat' dir='ltr'>fuisse}</span> <span class='ocrx_word' id='word_1_150' title='bbox 1106 2618 1268 2704; x_wconf 89' lang='lat' dir='ltr'>plerisque</span> <span class='ocrx_word' id='word_1_151' title='bbox 1290 2640 1307 2684; x_wconf 90' lang='lat' dir='ltr'>e</span> <span class='ocrx_word' id='word_1_152' title='bbox 1330 2617 1395 2681; x_wconf 91' lang='lat' dir='ltr'>suis</span> 
     </span>
     <span class='ocr_line' id='line_1_21' title="bbox 328 2730 1394 2817; baseline -0.001 -22"><span class='ocrx_word' id='word_1_153' title='bbox 328 2730 464 2796; x_wconf 88' lang='lat' dir='ltr'>civibus.</span> <span class='ocrx_word' id='word_1_154' title='bbox 514 2730 562 2794; x_wconf 84' lang='lat' dir='ltr'>De</span> <span class='ocrx_word' id='word_1_155' title='bbox 584 2730 678 2794; x_wconf 90' lang='lat' dir='ltr'>rebus</span> <span class='ocrx_word' id='word_1_156' title='bbox 703 2730 893 2816; x_wconf 86' lang='lat' dir='ltr'>theologicis</span> <span class='ocrx_word' id='word_1_157' title='bbox 917 2754 1032 2816; x_wconf 91' lang='lat' dir='ltr'>parum</span> <span class='ocrx_word' id='word_1_158' title='bbox 1055 2732 1270 2817; x_wconf 83' lang='lat' dir='ltr'>cogitaverat3</span> <span class='ocrx_word' id='word_1_159' title='bbox 1285 2732 1324 2796; x_wconf 89' lang='lat' dir='ltr'>de</span> <span class='ocrx_word' id='word_1_160' title='bbox 1335 2730 1394 2795; x_wconf 88' lang='lat' dir='ltr'>diis</span> 
     </span>
     <span class='ocr_line' id='line_1_22' title="bbox 331 2841 1394 2930; baseline 0 -24"><span class='ocrx_word' id='word_1_161' title='bbox 331 2865 410 2907; x_wconf 91' lang='lat' dir='ltr'>num</span> <span class='ocrx_word' id='word_1_162' title='bbox 451 2850 560 2908; x_wconf 88' lang='lat' dir='ltr'>essent</span> <span class='ocrx_word' id='word_1_163' title='bbox 601 2843 749 2908; x_wconf 88' lang='lat' dir='ltr'>dubitare</span> <span class='ocrx_word' id='word_1_164' title='bbox 800 2844 856 2909; x_wconf 90' lang='lat' dir='ltr'>vix</span> <span class='ocrx_word' id='word_1_165' title='bbox 899 2850 1044 2929; x_wconf 82' lang='lat' dir='ltr'>poteret,</span> <span class='ocrx_word' id='word_1_166' title='bbox 1090 2867 1190 2930; x_wconf 93' lang='lat' dir='ltr'>quum</span> <span class='ocrx_word' id='word_1_167' title='bbox 1232 2841 1394 2929; x_wconf 87' lang='lat' dir='ltr'>nunquam</span> 
     </span>
     <span class='ocr_line' id='line_1_23' title="bbox 332 2955 1392 3042; baseline 0 -22"><span class='ocrx_word' id='word_1_168' title='bbox 332 2955 414 3020; x_wconf 90' lang='lat' dir='ltr'>serio</span> <span class='ocrx_word' id='word_1_169' title='bbox 437 2955 478 3020; x_wconf 91' lang='lat' dir='ltr'>ad</span> <span class='ocrx_word' id='word_1_170' title='bbox 504 2956 587 3020; x_wconf 85' lang='lat' dir='ltr'>hanc</span> <span class='ocrx_word' id='word_1_171' title='bbox 615 2978 747 3041; x_wconf 83' lang='lat' dir='ltr'>gravem</span> <span class='ocrx_word' id='word_1_172' title='bbox 778 2959 999 3042; x_wconf 86' lang='lat' dir='ltr'>quaestionem</span> <span class='ocrx_word' id='word_1_173' title='bbox 1031 2957 1178 3022; x_wconf 88' lang='lat' dir='ltr'>animum</span> <span class='ocrx_word' id='word_1_174' title='bbox 1202 2957 1392 3034; x_wconf 84' lang='lat' dir='ltr'>attenderet3</span> 
     </span>
     <span class='ocr_line' id='line_1_24' title="bbox 331 3068 1392 3157; baseline 0 -25"><span class='ocrx_word' id='word_1_175' title='bbox 331 3068 465 3134; x_wconf 91' lang='lat' dir='ltr'>ridicule</span> <span class='ocrx_word' id='word_1_176' title='bbox 497 3069 685 3154; x_wconf 88' lang='lat' dir='ltr'>saepissime</span> <span class='ocrx_word' id='word_1_177' title='bbox 713 3091 766 3136; x_wconf 91' lang='lat' dir='ltr'>eos</span> <span class='ocrx_word' id='word_1_178' title='bbox 796 3071 963 3157; x_wconf 83' lang='lat' dir='ltr'>depinxit,</span> <span class='ocrx_word' id='word_1_179' title='bbox 988 3072 1044 3136; x_wconf 89' lang='lat' dir='ltr'>sed</span> <span class='ocrx_word' id='word_1_180' title='bbox 1068 3093 1262 3156; x_wconf 86' lang='lat' dir='ltr'>magnopere</span> <span class='ocrx_word' id='word_1_181' title='bbox 1290 3076 1392 3135; x_wconf 88' lang='lat' dir='ltr'>tamen</span> 
     </span>
     <span class='ocr_line' id='line_1_25' title="bbox 332 3181 1393 3269; baseline -0.002 -22"><span class='ocrx_word' id='word_1_182' title='bbox 332 3182 566 3248; x_wconf 85' lang='lat' dir='ltr'>succensuisset</span> <span class='ocrx_word' id='word_1_183' title='bbox 590 3181 617 3246; x_wconf 96' lang='lat' dir='ltr'>si</span> <span class='ocrx_word' id='word_1_184' title='bbox 640 3182 713 3268; x_wconf 92' lang='lat' dir='ltr'>quis</span> <span class='ocrx_word' id='word_1_185' title='bbox 737 3183 766 3247; x_wconf 91' lang='lat' dir='ltr'>ei</span> <span class='ocrx_word' id='word_1_186' title='bbox 790 3183 978 3268; x_wconf 88' lang='lat' dir='ltr'>objecisset,</span> <span class='ocrx_word' id='word_1_187' title='bbox 1002 3207 1040 3248; x_wconf 87' lang='lat' dir='ltr'>ea</span> <span class='ocrx_word' id='word_1_188' title='bbox 1064 3206 1145 3269; x_wconf 92' lang='lat' dir='ltr'>quae</span> <span class='ocrx_word' id='word_1_189' title='bbox 1160 3206 1217 3268; x_wconf 90' lang='lat' dir='ltr'>per</span> <span class='ocrx_word' id='word_1_190' title='bbox 1228 3183 1319 3269; x_wconf 89' lang='lat' dir='ltr'>jocos</span> <span class='ocrx_word' id='word_1_191' title='bbox 1333 3204 1393 3246; x_wconf 93' lang='lat' dir='ltr'>non</span> 
     </span>
     <span class='ocr_line' id='line_1_26' title="bbox 304 3295 1392 3382; baseline -0.001 -22"><span class='ocrx_word' id='word_1_192' title='bbox 304 3337 307 3346; x_wconf 73' lang='lat'><em>›</em></span> <span class='ocrx_word' id='word_1_193' title='bbox 331 3317 402 3360; x_wconf 93' lang='lat' dir='ltr'>raro</span> <span class='ocrx_word' id='word_1_194' title='bbox 435 3295 583 3360; x_wconf 91' lang='lat' dir='ltr'>scurriles</span> <span class='ocrx_word' id='word_1_195' title='bbox 610 3297 650 3360; x_wconf 92' lang='lat' dir='ltr'>de</span> <span class='ocrx_word' id='word_1_196' title='bbox 673 3297 736 3361; x_wconf 88' lang='lat' dir='ltr'>diis</span> <span class='ocrx_word' id='word_1_197' title='bbox 760 3297 792 3361; x_wconf 93' lang='lat' dir='ltr'>in</span> <span class='ocrx_word' id='word_1_198' title='bbox 819 3320 915 3363; x_wconf 90' lang='lat' dir='ltr'>scena</span> <span class='ocrx_word' id='word_1_199' title='bbox 937 3298 1075 3378; x_wconf 89' lang='lat' dir='ltr'>diceret,</span> <span class='ocrx_word' id='word_1_200' title='bbox 1103 3297 1281 3382; x_wconf 83' lang='lat' dir='ltr'>impietatis</span> <span class='ocrx_word' id='word_1_201' title='bbox 1305 3317 1392 3381; x_wconf 91' lang='lat' dir='ltr'>posse</span> 
     </span>
     <span class='ocr_line' id='line_1_27' title="bbox 331 3408 1393 3495; baseline -0.001 -22"><span class='ocrx_word' id='word_1_202' title='bbox 331 3409 434 3494; x_wconf 83' lang='lat' dir='ltr'>argui.</span> <span class='ocrx_word' id='word_1_203' title='bbox 460 3408 660 3473; x_wconf 88' lang='lat' dir='ltr'>Deridendos</span> <span class='ocrx_word' id='word_1_204' title='bbox 683 3409 832 3493; x_wconf 90' lang='lat' dir='ltr'>praebuit</span> <span class='ocrx_word' id='word_1_205' title='bbox 852 3432 919 3474; x_wconf 93' lang='lat' dir='ltr'>non</span> <span class='ocrx_word' id='word_1_206' title='bbox 942 3411 1038 3475; x_wconf 90' lang='lat' dir='ltr'>modo</span> <span class='ocrx_word' id='word_1_207' title='bbox 1053 3432 1146 3476; x_wconf 90' lang='lat' dir='ltr'>senes</span> <span class='ocrx_word' id='word_1_208' title='bbox 1162 3409 1393 3495; x_wconf 78' lang='grc' dir='ltr'>σιβυλλιῶοτος</span> 
     </span>
     <span class='ocr_line' id='line_1_28' title="bbox 332 3519 1392 3609; baseline 0 -21"><span class='ocrx_word' id='word_1_209' title='bbox 332 3528 366 3588; x_wconf 88' lang='lat' dir='ltr'>et</span> <span class='ocrx_word' id='word_1_210' title='bbox 388 3519 638 3609; x_wconf 76' lang='grc' dir='ltr'>χρησμολόγους</span> <span class='ocrx_word' id='word_1_211' title='bbox 660 3523 788 3588; x_wconf 89' lang='lat' dir='ltr'>oracula</span> <span class='ocrx_word' id='word_1_212' title='bbox 811 3523 1014 3588; x_wconf 89' lang='lat' dir='ltr'>venditantes</span> <span class='ocrx_word' id='word_1_213' title='bbox 1034 3525 1057 3607; x_wconf 91' lang='lat'>¹,</span> <span class='ocrx_word' id='word_1_214' title='bbox 1090 3545 1155 3589; x_wconf 92' lang='lat' dir='ltr'>non</span> <span class='ocrx_word' id='word_1_215' title='bbox 1179 3531 1307 3589; x_wconf 88' lang='lat' dir='ltr'>tantum</span> <span class='ocrx_word' id='word_1_216' title='bbox 1324 3524 1392 3588; x_wconf 90' lang='lat' dir='ltr'>deo-</span> 
     </span>
     <span class='ocr_line' id='line_1_29' title="bbox 332 3632 1390 3721; baseline 0 -20"><span class='ocrx_word' id='word_1_217' title='bbox 332 3658 404 3702; x_wconf 91' lang='lat' dir='ltr'>rum</span> <span class='ocrx_word' id='word_1_218' title='bbox 426 3632 594 3700; x_wconf 85' lang='lat' dir='ltr'>ministros</span> <span class='ocrx_word' id='word_1_219' title='bbox 618 3635 818 3721; x_wconf 89' lang='lat' dir='ltr'>Lamponem</span> <span class='ocrx_word' id='word_1_220' title='bbox 833 3637 858 3720; x_wconf 67' lang='lat'>²,</span> <span class='ocrx_word' id='word_1_221' title='bbox 886 3637 1063 3721; x_wconf 88' lang='lat' dir='ltr'>Diopithen</span> <span class='ocrx_word' id='word_1_222' title='bbox 1078 3642 1091 3679; x_wconf 79' lang='lat'>³</span> <span class='ocrx_word' id='word_1_223' title='bbox 1109 3636 1219 3721; x_wconf 88' lang='lat' dir='ltr'>jocose</span> <span class='ocrx_word' id='word_1_224' title='bbox 1236 3635 1390 3716; x_wconf 88' lang='lat' dir='ltr'>tractavit,</span> 
     </span>
     <span class='ocr_line' id='line_1_30' title="bbox 333 3749 1390 3833; baseline -0.004 -17"><span class='ocrx_word' id='word_1_225' title='bbox 333 3750 389 3816; x_wconf 89' lang='lat' dir='ltr'>sed</span> <span class='ocrx_word' id='word_1_226' title='bbox 411 3749 499 3833; x_wconf 89' lang='lat' dir='ltr'>ipsos</span> <span class='ocrx_word' id='word_1_227' title='bbox 523 3769 649 3832; x_wconf 89' lang='lat' dir='ltr'>quoque</span> <span class='ocrx_word' id='word_1_228' title='bbox 672 3750 747 3814; x_wconf 90' lang='lat' dir='ltr'>deos</span> <span class='ocrx_word' id='word_1_229' title='bbox 771 3749 892 3833; x_wconf 89' lang='lat' dir='ltr'>patrios</span> <span class='ocrx_word' id='word_1_230' title='bbox 918 3771 1046 3815; x_wconf 89' lang='lat' dir='ltr'>summa</span> <span class='ocrx_word' id='word_1_231' title='bbox 1069 3772 1144 3815; x_wconf 93' lang='lat' dir='ltr'>cum</span> <span class='ocrx_word' id='word_1_232' title='bbox 1167 3749 1317 3815; x_wconf 88' lang='lat' dir='ltr'>libertate</span> <span class='ocrx_word' id='word_1_233' title='bbox 1333 3755 1390 3812; x_wconf 89' lang='lat' dir='ltr'>tra-</span> 
     </span>
     <span class='ocr_line' id='line_1_31' title="bbox 332 3860 1391 3946; baseline -0.004 -18"><span class='ocrx_word' id='word_1_234' title='bbox 332 3864 435 3930; x_wconf 85' lang='lat' dir='ltr'>duxit.</span> <span class='ocrx_word' id='word_1_235' title='bbox 485 3860 662 3944; x_wconf 90' lang='lat' dir='ltr'>Hercules,</span> <span class='ocrx_word' id='word_1_236' title='bbox 699 3869 735 3926; x_wconf 91' lang='lat' dir='ltr'>ut</span> <span class='ocrx_word' id='word_1_237' title='bbox 769 3861 850 3926; x_wconf 86' lang='lat' dir='ltr'>alter</span> <span class='ocrx_word' id='word_1_238' title='bbox 884 3862 1030 3946; x_wconf 82' lang='lat' dir='ltr'>Esavus,</span> <span class='ocrx_word' id='word_1_239' title='bbox 1065 3863 1183 3928; x_wconf 85' lang='lat' dir='ltr'>stolide</span> <span class='ocrx_word' id='word_1_240' title='bbox 1217 3883 1333 3946; x_wconf 84' lang='lat' dir='ltr'>vorax,</span> <span class='ocrx_word' id='word_1_241' title='bbox 1362 3867 1391 3924; x_wconf 89' lang='lat' dir='ltr'>et</span> 
     </span>
     <span class='ocr_line' id='line_1_32' title="bbox 332 3973 1390 4063; baseline -0.002 -21"><span class='ocrx_word' id='word_1_242' title='bbox 332 3999 407 4063; x_wconf 90' lang='lat' dir='ltr'>prae</span> <span class='ocrx_word' id='word_1_243' title='bbox 431 3974 618 4041; x_wconf 90' lang='lat' dir='ltr'>succulento</span> <span class='ocrx_word' id='word_1_244' title='bbox 642 3974 712 4039; x_wconf 88' lang='lat' dir='ltr'>cibo</span> <span class='ocrx_word' id='word_1_245' title='bbox 731 3973 805 4059; x_wconf 87' lang='lat' dir='ltr'>jura</span> <span class='ocrx_word' id='word_1_246' title='bbox 817 3975 970 4041; x_wconf 88' lang='lat' dir='ltr'>coelitum</span> <span class='ocrx_word' id='word_1_247' title='bbox 982 3975 1065 4041; x_wconf 92' lang='lat' dir='ltr'>nihil</span> <span class='ocrx_word' id='word_1_248' title='bbox 1076 3998 1209 4060; x_wconf 88' lang='lat' dir='ltr'>curans,</span> <span class='ocrx_word' id='word_1_249' title='bbox 1227 3977 1261 4039; x_wconf 93' lang='lat' dir='ltr'>in</span> <span class='ocrx_word' id='word_1_250' title='bbox 1273 3974 1390 4040; x_wconf 83' lang='lat' dir='ltr'>Avibus</span> 
     </span>
     <span class='ocr_line' id='line_1_33' title="bbox 332 4087 1390 4175; baseline -0.001 -22"><span class='ocrx_word' id='word_1_251' title='bbox 332 4095 365 4153; x_wconf 91' lang='lat' dir='ltr'>et</span> <span class='ocrx_word' id='word_1_252' title='bbox 398 4087 432 4151; x_wconf 91' lang='lat' dir='ltr'>in</span> <span class='ocrx_word' id='word_1_253' title='bbox 464 4087 565 4151; x_wconf 88' lang='lat' dir='ltr'>Ranis</span> <span class='ocrx_word' id='word_1_254' title='bbox 589 4087 670 4152; x_wconf 92' lang='lat' dir='ltr'>risui</span> <span class='ocrx_word' id='word_1_255' title='bbox 704 4094 767 4165; x_wconf 86' lang='lat' dir='ltr'>est3</span> <span class='ocrx_word' id='word_1_256' title='bbox 797 4089 962 4173; x_wconf 89' lang='lat' dir='ltr'>Dionysus</span> <span class='ocrx_word' id='word_1_257' title='bbox 986 4090 1124 4175; x_wconf 89' lang='lat' dir='ltr'>turpiter</span> <span class='ocrx_word' id='word_1_258' title='bbox 1147 4090 1304 4174; x_wconf 82' lang='lat' dir='ltr'>ignavus,</span> <span class='ocrx_word' id='word_1_259' title='bbox 1328 4088 1390 4172; x_wconf 84' lang='lat' dir='ltr'>glo-</span> 
     </span>
    </p>
   </div>
   <div class='ocr_carea' id='block_1_3' title="bbox 364 4274 872 4516">
    <p class='ocr_par' dir='ltr' id='par_1_4' title="bbox 364 4274 872 4516">
     <span class='ocr_line' id='line_1_34' title="bbox 366 4274 872 4337; baseline 0.002 -14"><span class='ocrx_word' id='word_1_260' title='bbox 366 4277 371 4306; x_wconf 68' lang='grc' dir='ltr'>Ι</span> <span class='ocrx_word' id='word_1_261' title='bbox 389 4276 419 4324; x_wconf 91' lang='lat' dir='ltr'>In</span> <span class='ocrx_word' id='word_1_262' title='bbox 437 4274 583 4336; x_wconf 77' lang='lat' dir='ltr'>Equitibus,</span> <span class='ocrx_word' id='word_1_263' title='bbox 600 4274 710 4333; x_wconf 88' lang='lat' dir='ltr'>Avibus,</span> <span class='ocrx_word' id='word_1_264' title='bbox 727 4275 872 4337; x_wconf 83' lang='lat' dir='ltr'>Lysistrata.</span> 
     </span>
     <span class='ocr_line' id='line_1_35' title="bbox 364 4363 764 4435; baseline -0.003 -23"><span class='ocrx_word' id='word_1_265' title='bbox 364 4363 421 4412; x_wconf 66' lang='grc' dir='ltr'>2Ιιι</span> <span class='ocrx_word' id='word_1_266' title='bbox 438 4363 536 4413; x_wconf 84' lang='lat' dir='ltr'>Avibus</span> <span class='ocrx_word' id='word_1_267' title='bbox 552 4379 587 4413; x_wconf 87' lang='lat' dir='ltr'>vs.</span> <span class='ocrx_word' id='word_1_268' title='bbox 604 4365 652 4412; x_wconf 80' lang='lat'>522</span> <span class='ocrx_word' id='word_1_269' title='bbox 666 4372 692 4435; x_wconf 84' lang='lat' dir='ltr'>ct</span> <span class='ocrx_word' id='word_1_270' title='bbox 709 4365 764 4412; x_wconf 82' lang='grc'><strong>983.</strong></span> 
     </span>
     <span class='ocr_line' id='line_1_36' title="bbox 365 4453 618 4516; baseline 0 -14"><span class='ocrx_word' id='word_1_271' title='bbox 365 4453 476 4516; x_wconf 72' lang='lat' dir='ltr'>³Equit.</span> <span class='ocrx_word' id='word_1_272' title='bbox 494 4468 529 4501; x_wconf 85' lang='lat' dir='ltr'>vs.</span> <span class='ocrx_word' id='word_1_273' title='bbox 550 4455 618 4502; x_wconf 84' lang='lat'>1085.</span> 
     </span>
    </p>
   </div>
   <div class='ocr_carea' id='block_1_4' title="bbox 0 0 1582 5198">
    <p class='ocr_par' dir='ltr' id='par_1_5' title="bbox 0 0 1582 5198">
     <span class='ocr_line' id='line_1_37' title="bbox 0 0 1582 5198; baseline 0 0"><span class='ocrx_word' id='word_1_274' title='bbox 0 0 1582 5198; x_wconf 95' lang='lat' dir='ltr'> </span> 
     </span>
    </p>
   </div>
  </div>
 </body>
</html>
