3154 5198
726 425 767 485 37

206 609 304 691 linis,
329 607 386 693 qui
409 607 595 692 adoptionis
617 613 728 674 auctor
752 608 921 693 extiterat,
941 608 1100 695 templum
1112 607 1280 674 incendere

206 721 306 802 velit,
343 719 542 785 assentiente
581 720 807 806 paedagogo¹,
841 721 893 786 cui
926 721 1060 806 insuper
1086 719 1221 785 mandat
1244 725 1281 783 ut

200 835 333 918 juvenis
354 832 470 917 poculo
495 832 678 898 immisceat
698 855 869 900 venenum.
906 835 1041 901 Detecto
1057 835 1174 900 scelere
1188 840 1280 897 ante-

206 969 305 1032 quam
339 945 505 1030 potionem
538 946 703 1012 exitialem
737 947 895 1030 hauriret,
931 949 990 1014 Ion
1031 969 1157 1034 quoque
1194 951 1281 1010 atro-

206 1062 287 1125 citer
319 1059 438 1143 saevit,
474 1067 508 1124 et
541 1060 608 1125 leni
639 1061 694 1127 ille
730 1061 838 1127 animo
857 1062 1006 1147 juvenis,
1031 1083 1128 1149 quem
1152 1061 1185 1125 in
1207 1059 1281 1122 dra-

206 1175 306 1240 matis
341 1174 436 1239 initio
460 1197 568 1242 amare
594 1197 817 1260 coeperamuS,
843 1176 889 1240 sio
914 1176 953 1241 de
977 1175 1124 1261 improba
1146 1173 1281 1240 muliere

207 1288 370 1354 exclamat
394 1286 456 1369 (vs.
486 1290 570 1352 1266
596 1291 701 1375 sqq.):

369 1397 511 1473 λάζυσθ’,
531 1399 571 1464 ‘iv'
591 1403 685 1475 αὐτῆς
707 1405 781 1476 τοὺς
804 1401 979 1488 ἀκηράτους
1000 1399 1142 1474 πλόκους

370 1507 467 1586 κόμης
488 1503 682 1580 καταξήνωσι
711 1511 883 1593 Παρνασοῦ
906 1505 1038 1580 πλάκες,

371 1606 444 1676 ὅθεν
465 1618 612 1694 πετραῖον
635 1609 719 1692 άλμα
742 1607 981 1684 δισκενθήσεται·

209 1715 297 1794 Quin
325 1711 396 1796 jam
431 1713 467 1780 in
503 1736 539 1778 eo
577 1722 628 1778 est
651 1723 689 1779 ut
713 1737 784 1780 eam
808 1716 849 1783 ad
873 1716 997 1781 Phoebi
1019 1738 1108 1781 aram
1131 1714 1282 1799 trucidet,

194 1841 310 1912 'quum
340 1824 477 1910 Pythiae
509 1833 542 1892 et
569 1848 647 1893 mox
672 1828 816 1895 Palladis
840 1833 965 1913 opera2
988 1828 1086 1895 discit
1102 1851 1183 1896 earn
1214 1849 1284 1893 esse

209 1962 301 2007 suam
332 1961 372 2004 ex
394 1939 549 2025 Apolline
571 1945 725 2023 matrem,
747 1941 943 2026 jamdudum
966 1941 1079 2006 amissi
1101 1941 1162 2006 filii
1183 1940 1284 2006 vesti·

207 2055 300 2139 gium
333 2034 552 2142 quaerentem.
601 2053 664 2117 Per
687 2054 929 2120 conversionem
951 2055 1093 2120 subitam
1116 2053 1164 2118 ira
1185 2053 1284 2134 cadit,

209 2165 353 2233 succedit
376 2164 560 2250 gaudium,
597 2172 631 2230 et
663 2171 778 2231 mutuo
816 2166 969 2250 amplexu
1003 2171 1107 2231 mater
1140 2172 1174 2232 et
1195 2165 1284 2231 filius

208 2303 280 2348 sese
313 2279 542 2345 exosculantur
557 2285 577 2342 ³.
627 2278 707 2358 Quis
732 2279 813 2344 talia
834 2281 971 2369 probet?
1004 2279 1084 2359 Quis
1108 2277 1192 2345 ferat
1216 2287 1285 2344 tam

208 2415 340 2459 caecum
368 2375 508 2457 furorem
532 2399 663 2476 repente
685 2399 851 2458 mutatum
875 2392 909 2456 in
930 2400 997 2458 tam
1022 2413 1165 2460 serenam
1189 2392 1284 2458 laeti-

208 2509 313 2573 tiam?
360 2506 531 2570 Praeterea
559 2526 672 2591 rogare
703 2506 780 2570 licet
802 2529 855 2570 ‘an
891 2505 1012 2572 Creusa
1043 2507 1155 2572 insons
1186 2511 1283 2588 esset,

209 2621 297 2707 quod
327 2619 503 2704 juvenem,
538 2617 629 2704 cujus
657 2618 745 2684 vitae
766 2627 836 2687 erat
859 2619 1032 2703 insidiata,
1058 2619 1161 2705 ipsius
1184 2640 1284 2705 appa-

207 2739 293 2798 reret
324 2754 393 2797 esse
422 2732 547 2809 filium3
582 2731 634 2796 vel
666 2733 776 2797 minus
808 2732 961 2818 legitima
992 2733 1079 2798 Ionis
1109 2731 1175 2817 ira,
1210 2754 1285 2798 cum

207 2846 400 2930 comperiret
430 2867 495 2910 non
516 2867 535 2910 a
556 2867 694 2910 noverca
718 2845 774 2911 sed
800 2847 840 2910 ab
867 2846 940 2931 ipsa
961 2851 1065 2912 matre
1087 2868 1198 2912 necem
1221 2847 1285 2912 sibi

207 2960 311 3025 fuisse
343 2965 491 3044 paratam
506 2966 527 3024 ⁴.
578 2959 707 3039 Quanto
739 2960 857 3028 melius
889 2959 999 3025 omnia
1026 2959 1234 3046 procederent
1256 2960 1285 3026 si

206 3240 286 3288 parva
308 3226 349 3274 vel
374 3226 443 3275 nulla
467 3234 534 3274 esset
559 3225 637 3288 copia.
671 3224 774 3288 Alioqui
798 3232 841 3272 aut
866 3239 951 3272 veram
968 3225 1123 3288 tragoediam
1140 3223 1285 3286 scripsisset,

206 3316 299 3378 inqua
316 3315 361 3363 lon
378 3322 528 3372 moreretur,
546 3326 590 3362 aut
605 3313 769 3371 comoediam,
786 3313 825 3361 cui
843 3327 892 3361 non
909 3321 960 3362 tam
977 3314 1055 3363 multa
1071 3312 1241 3363 admiscuisset
1253 3327 1286 3362 ex
1360 3379 1363 3386 Ι

207 3404 386 3468 pulverulentis
411 3405 538 3453 annalibus
565 3403 654 3466 petita,
676 3417 708 3450 ne
724 3403 821 3452 omissis
838 3403 938 3465 quidem
955 3404 1117 3453 Teleontibus
1134 3403 1286 3466 caeterisque

206 3494 320 3544 tribubus
337 3493 433 3544 Jonicis
450 3493 497 3555 (vs.
517 3494 579 3545 1579
596 3492 667 3557 sqq).
687 3535 692 3560 ,

243 3583 252 3614 ¹
284 3585 332 3632 Vs.
349 3585 407 3636 974:
427 3585 527 3647 πίμπρη
545 3583 576 3631 τὰ
593 3585 673 3646 σεμνιὶΙ
690 3586 781 3640 Λοξίου
797 3582 948 3646 χρηστήρια.

242 3673 253 3706 ²
284 3675 343 3736 Ipse
366 3672 461 3735 Apollo
485 3686 535 3720 non
557 3673 630 3720 audet
652 3687 678 3720 se
695 3675 824 3722 ostendere
845 3673 943 3721 mulieri
959 3672 998 3721 cni
1016 3673 1075 3721 olim
1093 3673 1144 3722 vim
1161 3673 1287 3735 intulerat,

207 3767 253 3816 sed
270 3765 347 3814 mittit
361 3763 486 3826 virginem
503 3761 634 3820 Athenon,
651 3777 715 3826 quse
731 3778 768 3812 rs.
788 3763 850 3812 1556
866 3777 917 3826 sqq.
935 3763 965 3811 ab
982 3776 1012 3811 eo
1023 3777 1050 3812 se
1067 3751 1152 3812 ¹verriire
1167 3770 1286 3824 testatum

207 3859 271 3908 “mit
295 3855 386 3905 feinem
411 3853 519 3905 Gerant'
545 3853 605 3902 haec
626 3855 661 3902 ita
682 3869 698 3902 a
714 3863 787 3917 poeta
802 3855 916 3903 ordinata
932 3868 983 3903 esse
1001 3855 1117 3903 videntur
1133 3852 1287 3903 Bernhardio

206 3963 267 4026 pag.
283 3948 332 4000 427
350 3954 374 3994 et
390 3947 447 3998 487.

244 4041 253 4070 ³
286 4039 478 4100 Vs.1437sq.:

405 4129 424 4176 ὦ
443 4126 551 4190 φιλτάτη
569 4145 612 4190 μοι
629 4129 720 4191 μῆτερ,
739 4124 847 4189 ἄσμενός
865 4123 888 4174 α’
905 4123 965 4174 ἰδὼν
987 4185 989 4192 ¹

403 4218 466 4280 πρὸς
484 4214 594 4280 ἀσμένης
612 4214 732 4265 πέπτωκα
749 4217 797 4272 σὰς
814 4213 947 4280 παρηΐδας.

206 4299 261 4358 “So
287 4306 399 4355 schliesst
424 4304 484 4353 alles
509 4319 574 4367 ganz
599 4301 718 4362 friihlich,
745 4305 794 4351 und
819 4304 864 4351 der
885 4303 1043 4366 angestrebte
1060 4305 1135 4352 Mord
1152 4303 1194 4352 hat
1209 4302 1289 4351 nichts

208 4396 313 4446 “weitor
330 4410 361 4443 zu
377 4393 524 4444 bedenten.”
558 4393 661 4456 Gruppe
677 4383 790 4442 Ariadne
806 4407 862 4456 pag.
879 4393 934 4442 413.

243 4485 253 4516 ⁴
288 4485 367 4533 Miror
391 4483 576 4534 Bernhardium
594 4483 635 4544 qui
654 4496 711 4545 pag.
729 4485 791 4542 487,
809 4482 855 4530 boc
872 4483 958 4530 drama
975 4480 1124 4545 dijudicans,
1142 4483 1177 4530 its
1193 4482 1289 4531 scribit:
1327 4533 1329 4538 ,
