3154 5198
861 359 880 420 8

336 547 469 613 Periclis
493 550 648 610 mortem:
675 543 747 608 ideo
770 508 979 628 optimatium
1001 542 1148 627 partibus
1173 564 1206 606 se
1229 541 1359 606 addixit
1384 543 1421 623 ¹,

334 683 393 727 nec
424 660 598 746 quiequam
630 657 746 723 habuit
776 654 944 741 antiquius
976 676 1072 741 quam
1106 662 1142 720 ut
1166 660 1311 740 tempora
1331 654 1422 720 Ari-

335 773 430 840 stidis
462 779 496 838 et
531 770 676 838 Cimonis
709 776 872 835 revocaret
888 769 912 851 ¹,
945 790 1003 853 pro
1036 768 1158 834 viribus
1193 769 1277 851 suis,
1303 768 1422 834 multo

335 888 466 973 quidem
489 885 665 970 majoribus
689 905 788 969 quam
808 882 983 947 hodiernus
1005 889 1104 971 poeta
1123 888 1286 967 praestare
1298 889 1421 967 posset

335 1004 368 1066 in
399 1001 493 1066 rebus
521 998 682 1084 politicis,
716 997 772 1061 sed
805 997 852 1061 ita
874 1002 984 1061 tamen
1008 1004 1045 1060 ut
1069 995 1179 1062 minus
1206 996 1262 1061 ille
1285 997 1421 1062 valeret

334 1114 480 1180 versibus
502 1134 600 1199 quam
623 1109 680 1176 ulii
703 1109 801 1174 multi
823 1116 880 1174 aut
902 1109 1017 1194 opibus
1044 1115 1102 1174 aut
1117 1109 1244 1195 'gladiis
1262 1109 1283 1174 ⁸.
1325 1108 1417 1174 Bea-

335 1233 388 1292 tus
424 1232 533 1292 autem
564 1223 728 1290 vocandus
764 1229 832 1306 est,
868 1223 954 1308 quod
975 1244 1033 1307 per
1059 1222 1174 1308 longos
1197 1244 1299 1287 anuos
1323 1243 1418 1288 nun-

335 1361 431 1425 quam
466 1337 652 1423 desperavit
681 1338 760 1422 quin
787 1359 843 1423 per
870 1358 929 1402 sua
951 1335 1096 1401 carmina
1118 1336 1304 1401 restitueret
1329 1334 1417 1400 civi-

334 1454 412 1519 tatis
455 1452 640 1537 civiumque
686 1449 905 1516 conditionem
949 1451 1141 1538 pristinam,
1186 1455 1220 1514 et
1264 1455 1418 1535 tempora

334 1565 507 1652 praeterita
533 1587 573 1630 ex
596 1586 668 1631 orco
692 1565 893 1650 protraheret
916 1569 954 1628 ut
976 1563 1174 1647 Aeschylum
1198 1563 1231 1627 in
1245 1561 1414 1628 Rauarum

333 1678 498 1744 comoedia
514 1677 542 1756 ⁸3
577 1700 640 1764 qua
674 1677 708 1741 iu
741 1700 774 1742 re
798 1677 921 1743 nescias
945 1683 1056 1770 utrum
1079 1676 1184 1762 magis
1207 1675 1332 1742 mireris
1355 1697 1413 1740 er—

333 1813 438 1856 rorem
463 1789 594 1875 judicii,
620 1812 683 1876 quo
706 1790 740 1854 id
764 1790 834 1855 fieri
857 1811 952 1874 posse
972 1790 1109 1875 putabat
1134 1790 1220 1875 quod
1236 1802 1414 1876 'nunquam

334 1906 457 1970 sactum
481 1911 531 1970 est
553 1927 658 1990 neque
680 1904 757 1987 fiet,
781 1913 820 1969 ut
831 1903 986 1988 temporis
999 1902 1117 1969 fluctus
1131 1910 1216 1969 retro
1228 1904 1413 1986 volvantur,

334 2040 375 2081 an
401 2017 557 2082 invictam
581 2017 682 2081 animi
706 2017 941 2100 constantiam,
967 2039 1031 2102 qua
1057 2038 1226 2102 nunquam
1250 2017 1352 2081 averti
1376 2037 1412 2082 se

334 2153 450 2215 passus
482 2137 543 2212 est
581 2152 720 2215 ascopo
755 2153 851 2216 quem
885 2130 1045 2215 attingere
1078 2130 1270 2213 enitebatur,
1306 2131 1409 2195 donec

336 2243 603 2328 Peloponnesiaci
627 2243 704 2308 belli
728 2244 835 2308 exitus
859 2265 934 2308 eum
958 2242 1069 2309 docuit
1092 2243 1217 2307 nullam
1240 2265 1330 2329 spem
1353 2264 1408 2308 su-

335 2379 463 2443 peresse
487 2357 623 2422 miserae
646 2356 778 2440 patriae.

338 2511 341 2514 -
381 2471 489 2550 Quum
523 2491 597 2534 vero
631 2467 808 2554 inquireret
839 2468 873 2532 in
908 2490 1021 2534 causas
1051 2469 1147 2535 istius
1181 2469 1409 2552 ochlocratiae,

336 2607 399 2671 qua
426 2584 538 2649 aedem
564 2582 719 2648 Soloueae
742 2581 903 2657 πολιτείας
926 2581 974 2647 ita
992 2581 1062 2667 jam
1087 2582 1260 2648 suffossam
1283 2583 1410 2668 conspi-

335 2699 441 2764 ciebat
474 2705 512 2762 ut
546 2697 665 2762 mirum
701 2696 864 2761 videretur
895 2718 966 2761 eam
997 2697 1143 2762 nondum
1177 2719 1308 2782 prorsus
1342 2717 1409 2762 cor-

337 2813 440 2878 ruisse
459 2823 490 2895 ὁ,
529 2810 656 2876 nullam
694 2809 880 2875 inveniebat
912 2817 970 2876 aut
1000 2811 1182 2896 propiorem
1218 2816 1275 2876 aut
1306 2810 1408 2895 magis

337 2924 565 2990 exsecrabilem
592 2944 688 3008 quam
713 2922 917 3008 eloquentiae
941 2922 1087 2988 abusum.
1138 2923 1225 2987 Hinc
1249 2923 1359 2988 odium
1378 2922 1405 2987 ci

338 3043 451 3104 natum
478 3034 685 3121 implacabile
708 3035 743 3100 in
762 3034 916 3101 subtilem
933 3037 1121 3121 disputandi
1135 3043 1237 3101 artem
1249 3057 1330 3121 quae
1343 3035 1407 3119 ejus

338 3150 538 3235 temporibus
571 3170 611 3213 ex
635 3148 755 3236 scholis
780 3149 999 3234 sophistarum
1023 3151 1055 3214 in
1083 3151 1184 3214 vitam
1208 3171 1407 3215 communem

338 3245 546 3348 irrumpebat.
573 3262 687 3347 Neque
710 3262 743 3326 in
768 3263 863 3337 rebus
889 3263 1008 3328 divinis
1033 3263 1128 3328 aliter
1151 3286 1187 3328 ac
1202 3262 1405 3328 inhumanis

304 3607 307 3614 Ι
373 3546 380 3576 ¹
398 3546 481 3606 Quum
499 3546 633 3609 Euripides
650 3547 730 3610 magis
747 3547 843 3594 laverat
860 3546 1031 3610 democretius,
1049 3548 1079 3596 cf.
1098 3549 1161 3598 Rau.
1180 3563 1216 3598 vs.
1234 3551 1283 3599 952
1299 3563 1332 3612 sq.

372 3635 382 3667 ²
400 3636 442 3686 Sic
468 3637 575 3693 Demus,
597 3644 725 3698 postquam
749 3637 774 3684 in
791 3636 910 3700 Equitum
927 3636 975 3685 fine
992 3639 1149 3700 recuperavit
1165 3640 1277 3702 vigorem
1294 3647 1319 3688 et
1335 3639 1406 3687 virtu·

339 3735 400 3785 tem,
418 3733 521 3791 apparet
538 3725 637 3788 οἶόςπερ
653 3725 789 3791 Ἀριστείδῃ
802 3725 925 3790 πρότερον,
940 3730 981 3776 καὶ
992 3727 1117 3792 Μιλτιάδῃ
1127 3730 1254 3784 ξυνεσίτει.
1267 3730 1313 3789 (vs.
1326 3731 1402 3790 1326).

373 3817 383 3847 ³
400 3817 477 3878 Vesp.
495 3830 530 3863 vs.
548 3815 597 3864 650
613 3829 650 3878 sq.
666 3829 726 3864 vere
742 3815 778 3864 sic
795 3816 977 3879 Aristophanes
995 3817 1026 3866 de
1043 3819 1094 3866 suis
1111 3819 1198 3868 studiis
1214 3818 1333 3882 loquitur:

437 3907 552 3970 χαλεπὸν
568 3909 614 3969 μὲν
631 3907 671 3954 καὶ
689 3907 770 3967 δεινῆς
788 3907 890 3971 γνώμης
908 3909 947 3955 καὶ
965 3909 1080 3971 μείζονος
1097 3911 1112 3969 ὴ
1131 3909 1166 3958 ’πὶ
1184 3911 1328 3974 τρυγῳδοῖς,

438 3995 555 4043 ἰάσασθαι
573 3995 650 4044 νόσον
668 3995 778 4060 ἀρχαίαν
795 3997 822 4044 ἐν
839 3999 872 4061 τῇ
891 3997 961 4047 πόλει
979 4001 1146 4049 ἐντετοκυῖαν.
1233 3995 1245 4022 ‘

373 4085 381 4112 ⁴
400 4083 439 4133 cf.
456 4084 594 4134 Bernhard.
612 4100 668 4148 pag.
686 4085 742 4136 630.

372 4173 494 4220 ‘Partim
518 4173 603 4234 jocans
630 4173 720 4236 partim
746 4176 809 4224 seria
835 4191 910 4240 agens
935 4177 1047 4226 Nubium
1073 4191 1110 4226 vs.
1127 4177 1175 4228 587
1202 4192 1253 4241 sqq.
1271 4185 1296 4227 et
1312 4163 1398 4228 Eccles.

340 4247 388 4313 473'
412 4277 463 4324 sqq.
487 4271 665 4311 commemorat
690 4264 769 4326 λόγον
794 4264 954 4328 γεραιτέρων,
980 4266 1073 4314 dictum
1095 4267 1262 4329 amajoribus
1278 4274 1402 4328 acceptum,
1493 4293 1495 4302 ι

341 4350 535 4405 Atheniensibus
561 4365 615 4399 esse
640 4349 799 4412 δυσβουλίαν
821 4355 958 4414 quandam,
976 4356 1018 4403 sod
1036 4357 1095 4403 deos
1111 4341 1182 4403 mala*
1194 4356 1250 4404 iude
1268 4355 1367 4405 fluentia
1381 4357 1402 4404 in

340 4441 428 4490 bonam
446 4448 540 4500 partem
558 4446 654 4486 vertere
672 4439 760 4488 solare.
