3150 5194
811 412 870 472 111

304 593 344 656 ab
371 591 526 676 Euripide
550 593 700 678 elegiacis
724 594 868 658 versibus
893 616 1062 679 expressa,
1087 594 1177 678 cujus
1202 597 1259 678 rei,
1277 620 1383 682 quan-

304 709 376 770 tum
398 706 535 787 scimus,
559 727 653 770 nemo
677 713 753 770 ante
774 729 849 771 eum
869 711 980 771 auctor
1001 707 1165 790 extiterat,
1183 731 1286 794 neque
1305 719 1383 795 post

305 838 379 882 eum
420 819 591 904 quisquam
629 820 757 884 videtur
798 818 881 882 illud
914 825 1053 883 metrum
1090 821 1230 904 tragicae
1268 845 1384 889 scenae

308 930 504 996 adhibuisse.

351 1043 390 1107 Iu
426 1045 542 1110 iambis
575 1045 714 1131 denique
748 1044 922 1129 Euripides
947 1046 1033 1110 idem
1056 1047 1211 1112 novitatis
1236 1047 1385 1112 studium

308 1157 452 1221 ostendit
463 1157 550 1243 quod
562 1157 656 1239 alibi,
670 1177 764 1242 aegre
777 1207 786 1240 ‚
804 1157 1000 1238 studetur,
1017 1157 1139 1222 ferente
1152 1157 1383 1242 Aristophane3

308 1267 441 1334 difficile
463 1291 554 1334 uero
592 1291 632 1334 ex
669 1269 795 1334 levibus
840 1270 934 1335 modo
964 1269 1111 1354 vestigiis
1149 1270 1272 1355 aliquid
1305 1271 1385 1335 certi

309 1380 468 1466 colligere.
510 1380 577 1445 Vix
610 1384 696 1446 enim
720 1382 825 1447 ullum
849 1383 955 1447 locum
979 1382 1125 1447 invenias
1146 1383 1202 1447 ubi
1216 1389 1386 1474 'structura

309 1494 377 1578 ejus
401 1495 619 1560 trimetrorum
638 1496 679 1560 ab
691 1495 908 1580 Aristophane
923 1496 1160 1580 perstringatur
1172 1497 1235 1560 nisi
1248 1497 1386 1562 fortasse

309 1607 500 1692 Thesnroph.
538 1629 584 1674 vs.
613 1611 676 1674 913
701 1631 747 1695 sq.
767 1611 786 1672 ¹.
821 1608 885 1673 Hic
909 1614 1016 1673 autem
1044 1609 1124 1672 mihi
1148 1609 1387 1694 deprehendere

307 1719 418 1784 videor
441 1719 615 1804 satyricam
639 1721 857 1787 imitationem
876 1721 1057 1788 iamborum
1074 1721 1254 1787 solutorum
1267 1723 1386 1807 quibus

312 1832 485 1917 Euripides
510 1834 695 1921 frequenter
714 1835 826 1900 utitur.
854 1835 985 1900 Scilicet
1011 1856 1112 1920 quum
1136 1857 1246 1900 versus
1261 1836 1387 1920 Sopho-

310 1944 398 2010 cleus
433 1947 514 2012 fluat
546 1970 626 2033 puro
656 1948 844 2014 simillimus
875 1948 984 2030 amni,
1016 1948 1129 2014 mixtis
1153 1950 1238 2013 inter
1260 1950 1386 2014 iambos

312 2061 463 2144 spondeis
500 2061 634 2145 multis,
674 2061 731 2126 sed
763 2082 829 2125 non
855 2060 920 2125 nisi
940 2066 1034 2126 caute
1057 2066 1090 2125 et
1113 2082 1206 2145 parce
1229 2062 1383 2126 admissis

309 2173 444 2258 pedibus
480 2174 675 2258 trisyllabis,
712 2173 886 2257 Euripides
919 2174 1080 2238 asereris
1104 2180 1234 2257 patrum
1258 2174 1387 2258 legibus

309 2285 368 2351 hac
402 2307 528 2372 quoque
564 2288 596 2351 in
634 2293 725 2372 parte
760 2287 840 2351 adeo
864 2285 997 2351 recessit
1020 2293 1068 2369 ut,
1094 2287 1128 2350 in
1154 2287 1387 2371 posterioribus

310 2400 426 2465 saltam
460 2399 579 2465 fabulis
595 2400 628 2482 ⁹,
655 2399 769 2466 Oreste
793 2400 962 2485 inprimis,
987 2398 1142 2484 permulti
1165 2399 1263 2482 pedes
1287 2398 1388 2463 trium

311 2511 508 2594 syllabarum
520 2515 738 2596 inveniantur,
761 2513 958 2598 tribrachyes
970 2522 993 2595 θ,
1007 2512 1129 2596 dactyli
1143 2514 1167 2595 ⁴,
1184 2514 1351 2597 anapaesti
1364 2521 1386 2578 ⁵.

355 2624 429 2690 Non
464 2631 514 2690 est
549 2629 634 2713 quod
668 2627 823 2693 miremur
854 2626 938 2690 hanc
970 2624 1137 2709 Euripidis
1161 2624 1389 2690 libertatemne

313 2737 417 2802 dicam
452 2761 493 2802 an
525 2739 709 2823 licentiam,
744 2761 819 2805 cum
842 2761 881 2804 ex
905 2737 1018 2803 eodem
1035 2737 1126 2802 fonte
1148 2737 1279 2803 fluxerit
1300 2739 1390 2802 unde

313 2851 457 2935 profecta
489 2857 584 2937 sunt,
618 2853 646 2917 si
670 2874 733 2918 non
758 2853 886 2935 omnia,
912 2861 946 2917 at
969 2852 1120 2937 pleraque
1144 2856 1227 2916 certe
1251 2873 1331 2937 quae
1356 2852 1391 2915 in

313 2985 350 3027 eo
373 2964 563 3048 reprehendi
585 2971 725 3050 possunt
748 2972 782 3029 et
791 2965 891 3030 bilem
907 2970 1151 3029 commoverunt
1166 2963 1388 3048 Aristophani.

315 3078 487 3162 Euripides
512 3079 615 3161 enim,
640 3078 695 3164 qui
718 3079 828 3163 potius
852 3080 963 3165 quales
975 3084 1067 3143 erant
1078 3078 1274 3162 depingebat
1285 3077 1392 3142 homi-

314 3214 371 3256 nes
395 3213 493 3277 quam
516 3193 605 3268 οἵους
627 3188 685 3264 δεῖ,
707 3200 740 3256 et
763 3192 820 3277 qui
843 3195 936 3258 οἰκεῖα
956 3192 1124 3278 πράγματα
1146 3193 1325 3275 εἶςὴγαγευ,
1342 3191 1393 3264 οἶς

315 3302 463 3391 χρώμεθ’,
484 3305 535 3378 οἷς
557 3300 744 3386 ξύνεσμενθ,
767 3303 801 3366 in
834 3303 939 3367 verbis
964 3322 1089 3387 quoque
1113 3300 1278 3365 advitam
1302 3322 1394 3364 com-

315 3439 447 3483 munem
471 3419 603 3503 propius
626 3418 776 3483 accedere
800 3415 935 3482 studuit.
964 3414 1057 3494 Quod
1078 3419 1236 3499 quantum
1255 3412 1396 3479 fortasse

317 3529 441 3596 confert
486 3529 527 3594 ad
560 3537 704 3594 exactam
748 3538 882 3593 naturae
926 3525 1159 3606 imitationem,
1199 3526 1397 3590 tantundem

347 3754 355 3784 ¹
374 3755 414 3803 De
431 3752 545 3802 hocloco
561 3762 676 3816 corrupto
692 3753 741 3802 vid.
757 3752 822 3801 infra
838 3753 865 3800 in
881 3752 992 3814 catalogo
1009 3751 1164 3813 parodierum
1180 3761 1237 3813 pag.
1258 3751 1313 3798 144.

348 3842 437 3893 ’Post
454 3842 626 3908 Olympiadem
643 3841 795 3892 LXXXIX.

351 3931 407 3983 ι11.
426 3947 450 3997 g.
467 3933 550 3983 Orest.
566 3947 603 3981 vs.
620 3932 680 3982 643:

546 4026 562 4071 ἃ
580 4021 600 4071 δ’
617 4022 708 4084 ἔλαβες
726 4020 837 4082 ἀπόδος,
857 4021 954 4084 παγρὸς
970 4019 1030 4083 ἐμοῦ
1047 4016 1138 4079 λαβὼν
1154 4017 1231 4080 πάρα.

353 4114 362 4143 ⁴
380 4115 409 4162 Ε.
428 4128 451 4176 g.
469 4112 550 4162 Orest.
567 4127 605 4161 vs.
622 4113 667 4162 25:

544 4205 561 4263 ἢ
578 4209 654 4253 πόσιν
670 4202 767 4266 ἀπείρῳ
785 4197 948 4266 περιβαλοῢσ’
966 4195 1100 4262 ὑφάσματι.

353 4295 363 4326 ⁸
381 4295 420 4344 De
444 4295 582 4356 anapaestis
609 4292 752 4357 Euripideis
777 4293 827 4340 vid.
844 4290 875 4342 G.
897 4289 987 4340 Herm.
1002 4287 1065 4351 prol.
1080 4287 1111 4335 ad
1128 4285 1255 4336 Hecubam
1272 4292 1300 4333 et
1316 4286 1409 4338 Elem.

325 4385 410 4433 Doctr.
427 4385 500 4432 Matr.
519 4396 576 4446 pag.
595 4383 641 4433 119
658 4396 711 4445 sqq.

355 4473 365 4504 ⁶
382 4474 474 4523 Itanar.
491 4488 527 4521 rs.
543 4474 599 4525 969.
