3154 5198
723 379 763 440 65

201 578 266 642 que
294 580 357 623 non
383 561 558 646 vestigium
581 561 719 645 reperias
744 561 829 626 male
851 561 964 628 sedulo
981 569 1170 649 expromtae
1186 565 1274 631 illius

201 669 396 757 sapientiae,
422 695 503 760 qaae
525 674 574 740 ite
594 663 692 740 cordi
705 681 775 739 erat
790 671 995 761 Euripidi'ut
1011 678 1119 763 ipsum
1136 681 1276 745 voeabu—
1376 658 1379 664 ¹

200 786 272 852 lum
295 791 400 875 σοφὸς
422 787 458 852 in
481 786 606 854 delioiis
629 787 762 852 haberet
779 789 799 851 ¹.
841 787 891 853 Ea
912 811 993 875 quae
1016 791 1115 856 citavi
1130 791 1277 859 sufficere
1307 801 1334 872 ᾗ

201 903 282 985 puto
312 904 350 966 ut
377 905 489 985 pateat
519 904 642 986 quanto
673 899 789 965 nitoris
822 901 941 966 damno
965 901 1029 968 iste
1049 903 1274 991 philosophiae
1373 879 1375 885 Ι

201 1011 378 1078 ostentatio
410 1013 593 1079 constiterit
615 1013 782 1099 Euripidis
806 1014 982 1099 tragoediis
997 1022 1027 1098 ²,
1055 1038 1114 1082 nee
1137 1039 1209 1082 raro
1232 1019 1274 1083 ad

201 1147 277 1191 enm
299 1124 407 1192 referri
429 1147 525 1212 posse
547 1126 643 1192 verba
664 1126 772 1191 Porcii
796 1126 905 1191 Festi:
928 1128 966 1193 τὰ
988 1127 1097 1193 πολλά
1121 1132 1277 1217 σογράμ-

200 1268 281 1324 ματα
303 1244 346 1316 εἷς
367 1245 481 1322 μανίαν
501 1245 681 1328 περιτρέπει.
731 1239 830 1305 “Non
856 1239 960 1305 doctis
987 1239 1085 1305 dictis
1110 1241 1274 1306 studiosus

202 1349 374 1437 qnisquam
398 1359 466 1417 erat
488 1362 564 1417 ante
587 1352 694 1419 hune''
720 1352 760 1419 de
782 1375 817 1418 se
839 1353 925 1437 ipse,
949 1357 988 1418 ut
1012 1353 1152 1436 Ennius,
1169 1353 1274 1420 dioere

201 1462 378 1547 potuisset3
403 1462 460 1528 sed
482 1463 610 1552 utinam
633 1464 690 1530 isti
713 1466 824 1531 studio
847 1464 1045 1531 moderatius
1066 1466 1274 1532 indulsisset!

205 1574 241 1640 si
263 1574 336 1661 quis
359 1581 470 1642 autem
495 1575 687 1662 Euripidem
708 1578 755 1644 ite
770 1577 943 1645 defendere
958 1578 1039 1644 velit
1053 1584 1091 1644 ut
1106 1578 1194 1644 dicat
1209 1601 1274 1643 non

203 1689 302 1755 nimis
335 1711 444 1756 severe
477 1689 518 1755 ad
551 1690 641 1777 leges
675 1691 870 1758 dramatioas
904 1715 975 1758 esse
1008 1691 1185 1778 exigendas
1223 1714 1276 1757 eas

203 1824 335 1888 operum
369 1802 439 1888 ejus
472 1808 581 1888 partes
615 1803 732 1889 quibus
767 1806 888 1892 populo
922 1805 1149 1871 commendere
1178 1805 1278 1870 vellet

203 1915 291 1980 diota
315 1919 379 1982 τῶν
400 1921 510 2002 σοφῶν
521 1925 546 2000 ⁸,
570 1938 622 1982 me
638 1922 724 1984 certe
737 1918 801 1984 sibi
815 1940 881 1984 non
894 1918 1014 1983 habeat
1026 1917 1273 1995 assentientem

203 2050 280 2094 nam
313 2034 352 2094 ut
381 2028 442 2094 hoe
464 2029 592 2096 liouerit
618 2070 656 2079 -
682 2031 768 2116 quod
790 2032 846 2096 vix
867 2031 1000 2098 concedi
1021 2036 1132 2117 potest
1153 2067 1198 2077 —
1222 2028 1280 2094 sed

203 2141 255 2208 fae
278 2141 411 2208 licuisse
436 2142 588 2228 Euripidi
610 2141 660 2208 uti
683 2164 781 2208 suana
806 2144 847 2208 ad
869 2142 1087 2229 evulgandam
1111 2140 1275 2228 sophista-

203 2277 276 2319 rum
299 2253 513 2340 sapientiam:
536 2261 572 2321 at
594 2255 711 2321 ne'hie
733 2255 865 2341 quidem
887 2254 963 2321 finis
984 2254 1031 2321 sie
1046 2253 1168 2340 attingi
1183 2260 1275 2339 pote-

203 2372 263 2432 rat.
312 2367 421 2447 Quum
444 2368 532 2433 enim
557 2369 608 2435 vel
630 2369 757 2455 puellas
780 2368 1012 2454 seruulosque⁴
1027 2373 1095 2433 tam
1112 2367 1276 2452 sapienter

187 2617 189 2622 ,
236 2567 245 2598 ¹
278 2568 338 2617 Vid.
356 2583 378 2618 e.
395 2583 419 2632 g.
436 2569 541 2618 Medeae
558 2582 594 2619 vs.
611 2570 661 2620 299
677 2583 733 2618 eum
750 2569 835 2619 vicinis
852 2569 974 2629 versibus,
990 2577 1014 2619 et
1025 2568 1089 2619 eoni.
1100 2569 1275 2634 Aristophanis

203 2657 354 2720 Thesmoph.
371 2673 406 2707 vs.
426 2659 496 2709 1130.

236 2743 248 2776 ¹
280 2730 339 2798 Van
362 2747 484 2810 Iimburg
509 2749 644 2806 Βτοιιντοτ,
660 2749 759 2797 Proeve
774 2762 834 2797 over
850 2747 985 2811 Euripides
1001 2748 1028 2796 in
1046 2747 1105 2797 fine:
1123 2748 1171 2796 “de
1188 2762 1276 2811 noege-

203 2838 324 2887 “naumde
348 2837 516 2901 wijsbeguera
541 2852 589 2886 van
614 2835 749 2901 Euripides
774 2836 796 2886 is
816 2836 860 2886 het
880 2835 939 2900 graf
955 2851 1005 2884 ran
1021 2835 1068 2886 ulle
1084 2850 1152 2885 wear
1168 2836 1279 2900 trugiseh

203 2925 332 2990 “gemel''
349 2926 449 2978 Tertius
466 2926 618 2991 biographus
635 2925 774 2989 Euripidis,
791 2932 902 2974 caeteros
914 2925 988 2988 longe
996 2924 1147 2974 antecellens
1157 2926 1280 2984 aeumiue,

203 3014 333 3065 verissime
356 3014 453 3064 scribit:
478 3019 603 3066 τοσοῦτον
628 3016 707 3066 αὐτὸν
723 3014 839 3078 ἔβλαπτε
856 3015 979 3077 (doctum
995 3030 1010 3064 s
1026 3014 1155 3078 magistris
1171 3015 1281 3077 accepta)

204 3104 268 3155 ὅσον
284 3103 370 3169 ὠφέλει
386 3106 432 3155 τὸν
449 3104 584 3170 Σοφοκλέα.

237 3193 248 3224 ³
280 3195 352 3256 Quae
375 3195 427 3244 fere
451 3201 489 3244 est
511 3193 660 3244 Bernhardii
676 3193 772 3259 opinio:
795 3193 867 3243 “eine
884 3208 911 3243 so
928 3192 1066 3256 vielseitige
1084 3192 1283 3243 Persduliuhkeit

205 3291 270 3335 “von
285 3284 448 3348 subjectivem
465 3285 593 3351 Gepr'dge.
663 3286 769 3348 begehrt
786 3286 842 3335 eine
863 3285 986 3334 durchaus
1004 3283 1166 3333 individuelle
1182 3279 1280 3332 norm·

206 3379 273 3440 (pag.
298 3377 366 3440 389),
390 3377 438 3426 etsi
462 3391 494 3426 ne
518 3377 558 3425 hie
582 3377 680 3441 quidem
702 3375 805 3440 negarit
822 3377 899 3425 telem
915 3374 1085 3439 philosophiae
1104 3389 1188 3432 usum,
1204 3371 1282 3436 qualis

205 3452 317 3517 cernitur
337 3467 363 3515 in
379 3467 513 3530 Euripide,
533 3467 645 3531 tragicae
660 3467 709 3516 arti
726 3466 871 3530 promittere
887 3465 1029 3516 interitumz
1047 3463 1131 3513 “diese
1147 3462 1213 3512 leina
1229 3459 1283 3524 phi-

206 3555 397 3620 ‘loaophireude
418 3557 536 3606 Tendenz
552 3556 692 3605 sohwiehte
708 3557 757 3605 den
774 3554 955 3604 dramatismen
971 3553 1076 3612 Gehult,
1094 3553 1145 3602 und
1152 3551 1235 3601 fiihrte
1243 3549 1283 3599 die

206 3646 351 3711 “Tregbdie
366 3648 410 3697 der
427 3646 552 3698 Grieehen
569 3662 625 3696 zum
643 3645 754 3696 Abluui'
773 3646 840 3710 (pag.
860 3646 926 3707 195).

240 3736 250 3768 ⁴
283 3737 340 3785 Huc
355 3735 429 3785 refer.
447 3735 575 3799 Aristoph.
592 3735 703 3785 Acheru.
720 3750 757 3785 rs.
773 3733 823 3783 400
838 3748 888 3798 sq.:

596 3825 614 3872 ὦ
634 3823 789 3889 τριςρακάρι’
808 3821 945 3887 Εὐριπίδη,

400 3914 436 3964 ὅθ’
454 3915 467 3962 ὁ
485 3914 575 3972 δοῦλος
591 3913 684 3964 οὑτωσὶ
701 3917 784 3978 σοφῶς
801 3911 975 3976 ὑποκρίνεται,

207 4005 250 4054 nbi
274 4005 408 4055 scholiasta
431 4019 491 4055 vere
516 4004 631 4063 adnotet,
647 4003 693 4052 sub
709 4003 790 4067 speeie
806 4001 883 4051 laudis
900 3999 1036 4063 vituperari
1052 3996 1201 4060 Euripidem
1216 3996 1283 4058 quod

207 4107 293 4144 servos
309 4096 413 4146 disertos
430 4095 456 4143 in
473 4108 570 4144 suenum
586 4094 677 4143 ducere
694 4092 792 4142 soleret.
1188 4126 1190 4131 .

241 4184 301 4236 Vid.
318 4185 392 4235 etiam
409 4199 424 4235 e
440 4183 519 4234 Ranis
535 4183 655 4232 locusve.
672 4183 721 4233 949
737 4195 781 4244 sq„
798 4180 840 4229 ubi
857 4178 991 4243 Euripides
1008 4191 1078 4227 suum
1096 4174 1181 4238 poesin
1197 4172 1288 4222 deseri·

209 4273 356 4324 benedicit:

339 4360 397 4412 ἀλλ’
414 4362 497 4426 ἔλεγεν
513 4359 530 4420 ἡ
547 4358 612 4426 γυνή
632 4357 658 4408 τέ
675 4377 718 4423 μοι
734 4359 771 4423 χώ
789 4357 881 4415 δοῦλος
898 4355 971 4406 οὐδὲν
988 4353 1076 4415 ἧττον,

341 4451 377 4514 χώ
394 4449 520 4510 δεσπότης
537 4449 570 4514 χή
589 4447 716 4512 παρθένος
732 4447 766 4511 χή
785 4449 864 4512 γραῦς
881 4445 923 4495 ἄν.
