3154 5198
836 381 874 444 12

320 562 468 628 balurum
492 574 602 628 eutem
623 563 883 648 Euripideamm,
908 587 987 650 qnos
1014 587 1090 650 prae
1112 568 1245 634 caeteris
1266 571 1401 637 comico

320 681 409 741 aceto
434 677 639 742 adversarius
662 676 818 762 perfudit,
832 677 1004 763 pleraeque
1016 679 1199 765 perierunt,
1212 683 1400 768 Telephus,

319 789 545 873 Andromeda,
570 790 774 875 Melanippo,
797 790 1028 876 Bellerophon,
1048 793 1234 880 multaeque
1253 797 1354 876 alinc3
1378 822 1400 863 e

320 903 549 989 superstitibus
574 904 660 968 solae
685 903 905 989 Hippolytus,
923 904 1076 990 Hecuba,
1097 906 1224 974 Helena
1238 910 1400 976 videntur

319 1040 338 1082 a
363 1017 484 1082 comico
507 1018 664 1083 attentius
688 1040 758 1084 esse
782 1019 976 1104 exploratae.
1017 1020 1144 1085 Periere
1166 1043 1262 1107 porro
1277 1023 1396 1090 imita-

320 1133 423 1196 tiones
457 1133 641 1197 dramatum
675 1129 942 1217 Euripideorum,
976 1155 1055 1219 quas
1088 1156 1128 1199 cx
1153 1135 1263 1201 eadem
1287 1139 1398 1205 divite

318 1268 419 1329 vena,
464 1267 545 1332 quae
584 1245 839 1333 Aristophanem
881 1267 1048 1331 nunquam
1083 1246 1218 1331 defecit,
1253 1252 1394 1318 haustas

319 1361 438 1444 fuisse,
471 1365 505 1425 et
537 1358 642 1424 muita
676 1357 876 1424 continuisse
907 1359 948 1423 ad
977 1357 1140 1443 judicium
1168 1362 1208 1427 de
1233 1364 1395 1450 Euripide

255 1455 257 1460 ¹
319 1471 535 1557 pertinentis,
560 1471 632 1557 quis
656 1472 784 1557 estqui
807 1471 959 1536 dubitet?
1006 1472 1256 1541 Ecaetcrorum
1280 1485 1393 1544 autern

319 1586 515 1652 comicorum
554 1577 691 1667 fabuliS,
736 1584 852 1670 quibus
889 1585 1195 1672 ἀνασελγαινόμενος
1219 1585 1394 1676 Εὐριπίδης

320 1699 494 1786 aliquando
527 1698 605 1763 trita
636 1697 701 1762 fere
730 1697 880 1762 materies
903 1698 968 1763 fnit
984 1697 1010 1782 ¹,
1036 1700 1119 1765 nihil
1144 1703 1276 1767 omnino
1299 1713 1390 1770 acta-

320 1819 387 1878 tem
410 1811 496 1878 tulit.
1097 1901 1098 1908 ἵ

366 1926 454 2006 Quae
488 1933 597 1990 tamen
630 1915 805 2008 supersunt
827 1925 997 2011 utriusque
1019 1933 1133 2010 poetae
1157 1927 1297 2012 scripte,
1323 1952 1388 1995 non

320 2046 389 2104 tam
412 2045 490 2104 sunt
512 2059 614 2123 pauca
636 2037 715 2123 quin
739 2059 779 2102 ex
802 2037 842 2102 iis
867 2039 946 2103 satis
970 2025 1116 2104 accurate
1139 2039 1243 2123 possit
1266 2043 1387 2128 colligi,

319 2151 399 2236 quid
430 2159 463 2215 et
491 2172 554 2235 quo
582 2149 655 2234 jure
679 2151 760 2215 alter
783 2151 823 2215 dc
846 2151 947 2216 altero
966 2151 1138 2235 judicarit,
1163 2152 1213 2216 vel
1235 2190 1280 2203 --
1303 2155 1386 2240 quod

320 2265 432 2331 codem
467 2263 552 2330 redit
583 2301 627 2311 -
657 2264 690 2327 in
715 2264 815 2328 altero
839 2263 1048 2348 vituperarit3
1073 2286 1148 2330 uem
1172 2264 1336 2332 laudanda
1359 2269 1386 2332 si

318 2401 382 2464 qua
416 2377 450 2442 in
478 2377 635 2463 Euripide
659 2376 786 2441 invenit
808 2378 969 2461 comicus,
994 2401 1161 2464 nunquam
1185 2379 1301 2446 effatus
1325 2388 1383 2446 est.

320 2491 384 2555 Sed
406 2492 467 2556 hoc
488 2491 583 2575 plura
608 2489 646 2553 in'
668 2512 705 2555 co
727 2490 971 2572 condemnavit,
995 2513 1077 2577 quac
1099 2514 1163 2556 non
1180 2493 1265 2558 male
1277 2494 1323 2559 ita
1334 2515 1385 2559 me

318 2603 461 2668 dividere
494 2611 527 2668 et
554 2603 702 2668 ordinare
732 2610 828 2688 puto,
853 2610 890 2668 ut
913 2605 1019 2668 dicam
1042 2604 1202 2690 tragicum
1224 2595 1256 2671 ⁴ci
1278 2607 1384 2672 visum

318 2739 388 2782 csse
422 2717 547 2782 deorum
579 2726 803 2799 contemtorem,
839 2716 1071 2805 πολυμήχανον
1084 2719 1107 2792 ³,
1139 2723 1172 2784 ἑο
1200 2741 1293 2786 sceno
1310 2721 1384 2806 pii-

290 2834 294 2841 ‘
318 2831 476 2916 losoplmm
498 2841 528 2896 et
548 2831 712 2911 rhetorem,
735 2853 852 2896 morum
875 2840 1097 2916 corruptorem,
1123 2837 1262 2920 tropicae
1283 2835 1382 2922 clipei-

317 2947 392 3008 totr's
421 2943 628 3028 perditorem,
664 2943 779 3008 malum
810 2943 947 3028 denique
974 2947 1007 3008 r'rr
1019 2943 1146 3028 sobolis
1169 2947 1383 3032 emrpooerzdr's

317 3056 466 3140 arteficem
495 3035 529 3122 ct
561 3048 602 3122 ον’
615 3055 749 3122 uersibus
765 3056 943 3142 perpendis
967 3060 1177 3142 importunum
1199 3045 1379 3125 nocotorem.

364 3167 412 3232 De
435 3169 485 3233 his
510 3169 612 3255 igitur
634 3162 824 3234 criminibus
841 3168 1031 3253 singulatim
1041 3169 1110 3254 jam
1125 3172 1185 3236 erit
1198 3172 1379 3240 videndum.

350 3377 358 3409 ¹
376 3379 456 3429 Arist.
473 3381 524 3429 Vos
543 3417 548 3427 .
566 3382 605 3430 61.

348 3467 360 3499 ²
377 3469 432 3517 Hoc
448 3395 605 3527 vocabidum,
622 3472 686 3533 quod
703 3484 748 3518 suo
764 3470 818 3518 loco
835 3469 1006 3532 explicabitur,
1025 3472 1104 3536 elegi,
1122 3471 1180 3535 quia
1197 3472 1264 3521 nulla
1279 3472 1382 3520 dictione

316 3558 408 3606 Latina
423 3560 508 3608 eudem
525 3573 564 3608 res
583 3574 660 3622 acque
677 3561 802 3623 perspicue
818 3559 970 3621 designatur.
