3154 5198
801 385 842 444 6⁸2

283 548 422 628 virorum
456 564 489 627 in
522 564 699 630 femineum
727 586 842 630 sexum
872 565 1016 630 conferre
1042 564 1233 649 moliuntur,
1265 571 1299 631 et
1322 569 1357 630 iu

283 677 477 763 quibusdam
501 675 687 741 Academiis
711 676 840 762 puellae
858 676 1027 761 juventuti
1050 677 1216 742 studiosae
1239 699 1274 743 se
1298 679 1357 744 ad-

283 791 445 870 scribunt,
476 789 645 854 mulierem
672 796 740 854 tam
763 811 879 874 parum
904 789 1099 856 muliebrem
1121 795 1233 856 extare
1254 797 1355 876 puto,

283 909 370 971 certe
392 925 488 969 nosse
511 924 576 970 nou
600 901 706 988 cupio.
755 901 791 968 si
814 923 889 967 vero
912 895 974 968 tibi
996 903 1103 988 fingas
1125 902 1252 988 puellas
1264 904 1356 969 Atti-

182 996 186 1003 ’
283 1039 336 1084 cas
360 1018 400 1083 de
422 1016 464 1082 iis
487 1017 583 1082 rebus
607 1015 831 1101 disputantes,
857 1015 939 1080 nihil
958 1023 1154 1101 potestesse
1170 1015 1351 1082 absurdius.

283 1130 396 1216 Neque
412 1150 568 1215 unquam,
587 1150 628 1193 ue
642 1128 728 1192 inter
743 1126 912 1212 Euripidis
928 1127 1061 1214 quidem
1076 1128 1239 1214 aequales,
1252 1151 1356 1214 quau-

284 1243 407 1309 tumvis
430 1243 582 1328 loquaces
605 1247 639 1308 et
661 1242 806 1325 dicaces,
830 1241 930 1307 moris
953 1241 1056 1308 fuisse
1078 1242 1203 1328 opinor,
1220 1249 1258 1306 ut
1270 1243 1355 1324 irati,

283 1357 353 1441 spei
378 1357 517 1448 inopes,
551 1356 699 1420 morituri
731 1356 831 1420 talem
862 1357 896 1420 in
928 1357 1064 1421 modum
1090 1357 1357 1422 concionarentur

283 1475 321 1535 nt
351 1469 570 1554 Hippolytus,
601 1490 715 1554 quem,
750 1469 878 1535 detecto
907 1490 1064 1534 novercae
1086 1468 1210 1535 incesto
1233 1490 1356 1550 amore,

283 1603 399 1648 vovere
421 1582 574 1648 audimus
598 1587 636 1647 ut
658 1582 756 1648 liceat
767 1584 877 1668 potius
893 1583 927 1648 in
943 1583 1078 1648 deorum
1092 1583 1235 1648 delubris
1252 1605 1358 1648 emere

284 1693 408 1784 prolem
440 1716 537 1779 quam
562 1693 770 1759 matrimonio
802 1695 936 1780 gignere
960 1703 987 1772 Ι;
1018 1695 1070 1760 vel
1100 1695 1251 1779 Hecuba,
1275 1718 1358 1782 quae
1400 1774 1404 1780 Ι

284 1808 416 1894 cognita
457 1807 592 1891 pulchra
625 1806 712 1872 filiae
745 1815 867 1889 morte,
901 1807 1064 1874 declamat
1096 1808 1136 1874 de
1170 1831 1268 1876 causa
1300 1831 1358 1874 cur

285 1921 408 1987 “fortes
432 1925 580 1985 creentur
611 1919 773 1986 fortibus’'
789 1920 817 1998 '3
854 1921 906 1986 vel
939 1919 1089 2006 Orestes,
1123 1922 1180 2007 qui
1219 1923 1358 2009 argutiis

284 2034 427 2121 physicis
450 2035 585 2120 probare
608 2034 717 2099 studet
739 2033 915 2118 Tyndareo,
935 2033 1009 2119 jure
1032 2057 1052 2100 a
1073 2057 1108 2101 se
1127 2040 1358 2102 necatamesse

285 2152 423 2214 matrem
439 2154 468 2225 ³3
503 2147 555 2212 vel
590 2147 800 2229 Menoeceus,
830 2147 888 2232 qui
917 2147 952 2212 in
984 2146 1196 2213 deliberatam
1219 2145 1357 2215 mortem

479 2383 548 2440 Ζεύς,
566 2380 730 2439 delibaverat
749 2385 793 2441 τῆς
810 2381 932 2441 ἀληθείας
948 2381 998 2430 iisro
1017 2383 1108 2444 (Arist.
1126 2384 1188 2434 ΒΑΗ.
1206 2399 1242 2432 vs.
1262 2385 1343 2445 1244),

283 2474 327 2538 qui
344 2487 431 2524 versus
448 2471 522 2522 etiam
538 2471 566 2520 iu
583 2470 695 2520 Pirithoo
711 2471 848 2534 legebatur.
865 2471 969 2534 (Wagn.
986 2470 1016 2520 fr.
1034 2473 1090 2531 595,
1108 2472 1260 2536 Dicebas.)
1277 2466 1360 2524 Nc'ta-

284 2564 340 2613 bilis
357 2571 394 2613 est
410 2562 523 2626 inprimis
539 2561 582 2611 ille
598 2561 677 2624 μῦθος
693 2574 766 2624 quem
784 2560 866 2624 puella
882 2575 909 2612 se
925 2562 1050 2612 audivisse
1065 2563 1125 2612 dicit
1139 2578 1157 2611 a
1169 2562 1360 2626 mastrctqaibus

285 2655 368 2706 verbis
389 2660 488 2716 poetam
510 2649 580 2713 ajunt
604 2649 707 2698 innuere
728 2662 754 2698 se
778 2649 820 2698 hio
844 2649 956 2713 proferre
977 2651 1117 2702 doctrinam
1133 2665 1182 2701 non
1200 2666 1270 2702 suam
1285 2653 1329 2701 sed
1346 2667 1362 2698 a

285 2755 446 2808 praeceptore
463 2741 619 2802 Anaxagora
635 2743 773 2801 acceptam
789 2737 877 2788 alludit
893 2740 925 2788 ad
941 2755 971 2790 aa
988 2741 1053 2792 Plat.
1069 2740 1148 2791 Cous.
1167 2742 1213 2793 177
1227 2741 1278 2799 At:

481 2829 515 2886 ὡς
532 2827 641 2892 οὐρανός
658 2845 685 2876 τε
701 2827 764 2892 γαῖά
780 2825 802 2876 τ’
818 2828 852 2888 ἦν
867 2830 951 2892 μορφὴ
967 2829 1014 2893 μία
1030 2836 1077 2880 ste.
1095 2829 1135 2891 (fr.
1151 2831 1201 2880 ⁴88
1217 2829 1304 2892 Dind)

318 2922 373 2974 Vix
388 2933 536 2984 quemquam
551 2923 603 2966 tam
619 2931 746 2966 morosum
762 2930 816 2965 esse
834 2916 941 2966 arbitror
957 2918 1018 2981 quin
1030 2919 1109 2968 risum
1121 2920 1143 2969 ei
1152 2927 1299 2983 extorqueat
1307 2922 1361 2970 Ma·

285 3011 398 3075 lanippes
414 3007 564 3072 Euripideae
580 3005 689 3056 defensio
705 3007 769 3071 apud
786 3006 933 3056 Baruesium
950 3008 995 3056 vit.
1011 3009 1097 3072 Eurip.
1113 3023 1166 3072 cap.
1185 3010 1222 3058 15.

318 3100 327 3131 ¹
360 3099 437 3162 Hipp.
445 3113 483 3146 vs.
491 3097 540 3146 618
555 3111 606 3159 sqq.
624 3095 784 3160 Hippolytus,
801 3110 887 3145 omnes
895 3097 1012 3146 mulieres
1020 3112 1108 3147 exosus
1120 3098 1173 3160 (cur
1183 3099 1291 3158 tandem,
1303 3113 1362 3148 cum

285 3197 358 3240 antea
373 3188 468 3238 nnllam
484 3187 594 3235 novisset
610 3193 708 3249 praeter
724 3186 797 3234 deam
814 3184 935 3245 Dianam,
952 3201 1017 3236 nunc
1033 3187 1107 3236 unius
1124 3194 1220 3237 tautmn
1231 3185 1362 3252 perfidiam

285 3285 404 3342 expertus
427 3279 515 3336 casati)
540 3274 652 3338 queritur
668 3273 802 3324 humanam
818 3282 919 3338 gentem
936 3289 949 3324 e
967 3275 1112 3325 mulieribus
1127 3277 1260 3340 procreari,
1277 3277 1362 3326 verbis

286 3367 347 3417 mihi
363 3365 462 3430 quidem
478 3377 596 3413 oausam
612 3377 691 3426 paene
709 3363 873 3413 moventibus.

318 3456 395 3520 Quasi
410 3453 470 3504 varo
486 3453 610 3504 nonsatis
627 3460 692 3503 esset
708 3453 785 3502 semel
800 3452 892 3516 aliquid
908 3460 961 3502 tam
976 3453 1076 3502 absurdi
1092 3454 1193 3515 dixisse,
1204 3454 1362 3519 poetasimil-

285 3547 371 3596 limam
396 3544 472 3612 ῥῆσιν
495 3544 584 3594 tribuit
607 3544 708 3602 Jasoni,
731 3544 756 3591 in
782 3543 832 3592 fine
849 3543 971 3593 orationis
987 3557 1104 3608 perquam
1121 3544 1266 3608 sophisticae
1282 3543 1364 3607 (Med.

287 3652 322 3686 vs.
340 3639 389 3690 573
406 3638 478 3699 sqq.):

642 3728 708 3788 χρῆν
726 3726 774 3788 γὰρ
794 3723 903 3774 ἄλλοθέν
921 3726 1000 3775 ποθεν
1015 3725 1126 3788 βροτοὺς

481 3812 574 3870 παῖδας
592 3812 754 3873 τεκνοῦσθαι,
772 3812 836 3872 θῆλυ
854 3810 874 3860 d’
893 3811 937 3861 οὐκ
954 3815 1018 3862 εἶναι
1035 3811 1117 3877 γένος,

480 3902 578 3965 χοῦτως
596 3902 628 3951 ἂν
646 3901 690 3950 οὐκ
706 3903 740 3961 ἦν
757 3901 829 3950 οὐδὲν
845 3899 992 3966 ἅνθρώποις
1009 3903 1096 3952 κακόν.

319 3989 329 4020 ²
363 3989 459 4040 Hecub.
476 4005 512 4038 vs.
529 3990 578 4040 592
594 4005 645 4054 sqq.
742 4051 744 4056 Ι

320 4077 329 4109 ³
355 4062 442 4130 'Orest
459 4095 496 4129 rs.
511 4081 561 4129 552
577 4095 625 4145 sq:

481 4172 565 4234 πατὴρ
581 4172 627 4235 μὲν
644 4169 775 4234 ἐφύτευσέν
791 4189 829 4236 με,
847 4172 879 4230 σὴ
897 4170 917 4219 δ’
934 4173 1012 4221 ἔτικτε
1031 4175 1105 4232 παῖς,

480 4261 508 4309 rb
525 4258 615 4324 σπέρμ’
632 4260 729 4324 ἄρουρα
747 4259 925 4325 παραλαβοῦσ’
942 4261 1023 4309 ἄλλου
1042 4261 1113 4324 πάρα
1130 4265 1177 4310 etc.

288 4345 402 4397 Proiecto
416 4346 541 4397 furentem
557 4362 632 4410 quam
648 4347 684 4396 sic
700 4349 839 4412 sapientem
855 4348 955 4414 aequius
972 4349 1037 4400 feras
1054 4349 1180 4400 Orestem!

320 4437 422 4487 Dixerit
438 4437 537 4501 aliquis:
560 4437 682 4496 nescisne,
700 4437 777 4498 Zoile,
794 4438 950 4503 Aascbyhim
968 4440 1033 4488 idem
1050 4439 1192 4502 scripsisse?
1226 4438 1282 4500 Ego
1299 4451 1363 4488 varo
