3180 5196
252 557 334 621 ltin.
356 576 398 616 νε.
423 560 512 616 1326:

371 652 483 739 άνεχε,
505 652 633 738 πάρεχε·

252 745 416 806 Scholiasta
437 749 576 818 annotat,
599 744 688 822 vulgo
708 745 780 804 haee
802 745 892 805 verba
914 746 1014 808 referri
1036 745 1148 806 odilla
1170 746 1292 807 (lassan-

208 839 279 902 drae
299 841 398 901 furore
419 845 571 919 correptae
590 839 624 899 in
644 837 749 901 Troasi
771 843 827 913 (vs.
850 845 908 902 308
931 844 1004 921 sq.):

374 937 481 1024 άνεχε,
503 937 638 1023 πάρεχε,

373 1039 442 1118 φῶς
463 1035 561 1120 φέρω,
583 1028 685 1117 σέβω,
708 1030 826 1118 φλέγω·

209 1125 267 1187 aed
297 1145 334 1186 ex
361 1144 430 1187 vero
461 1124 558 1200 addit,
584 1124 741 1212 ¹Troadum
771 1126 904 1187 fabulam
934 1127 1061 1206 septimo
1082 1126 1201 1188 demum
1222 1132 1290 1204 post

208 1221 321 1300 Vespas
343 1239 421 1281 anno
442 1239 505 1281 esse
521 1226 627 1280 aotam.
660 1219 788 1298 (Similis
812 1240 892 1282 error
910 1221 1171 1301 grammaticorum
1194 1220 1292 1282 videa·

210 1322 260 1376 tur
280 1316 312 1375 in
333 1315 423 1376 sohol.
446 1315 484 1376 ad
504 1314 615 1375 Avium
636 1334 678 1376 νε.
700 1319 783 1394 348.)
816 1316 922 1395 Itaque
944 1323 995 1377 ant
1016 1317 1117 1380 nullus
1138 1322 1190 1378 aut
1215 1315 1292 1377 alius

209 1410 332 1490 quidam
363 1411 445 1472 loons
476 1409 656 1490 Euripidens
687 1411 736 1471 hio
757 1411 931 1490 respicitur3
951 1412 1007 1474 hoo
1032 1412 1191 1474 verisimile
1216 1409 1292 1471 duco

208 1511 330 1586 propter
349 1505 460 1567 Avium
480 1524 523 1566 νε.
548 1510 641 1578 1720,
663 1505 715 1566 ubi
738 1505 796 1566 vid.
819 1524 893 1585 quae
914 1507 1064 1567 annotavi.

255 1700 339 1765 ltin.
359 1720 402 1762 vs.
426 1703 511 1761 1482·
524 1717 601 1778 sqq.:

376 1799 425 1870 τίς
446 1797 491 1861 ἐπ’
512 1795 664 1860 αὐλείοισι
688 1793 797 1882 θύραις
820 1793 942 1866 θάσσεις

372 1985 497 2074 κλῇθρα
517 1984 673 2072 χαλάσθω
695 1982 782 2051 τάδε’
806 1989 854 2049 καὶ
878 1981 916 2060 δὴ
938 1984 1001 2071 γὰρ

378 2083 541 2167 σχήματος
564 2080 666 2168 άρχή,

374 2269 515 2356 πλευρὰν
536 2268 732 2356 λυγίσαντος
754 2271 815 2335 ὑπὸ
837 2267 953 2355 ῥύμης·

374 2364 444 2429 οἷον
464 2365 582 2450 μυκτὴρ
603 2368 734 2446 μυκᾶται
756 2370 803 2429 καὶ

376 2453 564 2542 σφόνδυλος
586 2457 667 2543 ιἰχεῖ·

181 2607 184 2613 .
253 2550 292 2612 In
312 2551 358 2612 his
378 2570 466 2611 nemo
485 2557 559 2629 puto
571 2551 718 2630 tragicum
729 2569 790 2611 non
801 2556 941 2630 agnoscet
952 2550 1099 2621 oolorem;
1116 2549 1289 2611 sedsoholia

211 2665 274 2707 non
295 2646 390 2707 citant
411 2644 602 2724 tragoediam.

253 2824 350 2888 Paols
376 2842 419 2885 νε.
441 2828 479 2886 76
501 2841 544 2902 sq.
576 2821 727 2902 'llygaeus
748 2823 858 2884 dieitur
878 2823 922 2883 ita
942 2823 1089 2884 allocutus
1110 2842 1171 2884 essa
1197 2842 1291 2886 saara

210 2919 319 2979 haeum
340 2906 462 2979 sunm?

376 3014 400 3078 ὧ
425 3014 618 3099 Πηγάσειον,
642 3017 735 3101 φησί,
757 3023 905 3099 γενναῖον
927 3016 1061 3099 πτερόν,

374 3113 462 3183 ὅπως
483 3110 605 3184 πετήσει
626 3109 656 3192 μ’
678 3107 749 3174 εὐθὺ
771 3115 827 3174 τοῦ
852 3111 930 3183 Διὸς
952 3105 1081 3192 λαβών·

254 3202 418 3264 Scholiasta
438 3201 512 3262 oitat
534 3201 771 3283 Bellerophontis
793 3202 831 3263 ad
851 3221 960 3282 equum
982 3202 1126 3280 aligerum
1146 3203 1236 3264 verba
1256 3223 1292 3264 an

216 3297 368 3377 tragoedia
388 3296 570 3378 cognomini:
806 3307 810 3316 ·

375 3393 426 3479 ἄγ’
449 3392 473 3456 ὦ
497 3391 593 3477 φίλον
615 3421 666 3476 μοι
688 3395 841 3480 Πηγάσου
862 3397 994 3480 πτερόν,

212 3507 303 3568 quein
333 3506 449 3550 versum
482 3485 586 3548 Snidas
617 3491 650 3550 in
670 3509 740 3550 νοοε
761 3492 882 3577 {optma
903 3490 1033 3569 supplet,
1056 3489 1186 3550 scribens
1211 3490 1291 3573 ταχὺ

213 3585 336 3671 πτερόν.

942 3681 1056 3743 (Fragm-
1072 3681 1121 3732 308
1137 3679 1225 3744 Dintl)

255 3840 338 3905 ltin.
360 3861 401 3902 νε.
427 3846 483 3901 114
505 3860 582 3921 sqq.:

377 3939 533 4026 ὦπάτερ,
555 3939 579 4002 ὦ
602 3939 712 4024 πάτερ,
733 3936 781 4018 ἆρ’
804 3937 915 4021 ἔτυμός
939 3968 976 4024 γε

376 4029 514 4116 θεάμασιν
536 4035 694 4117 ἡμετέροις
717 4033 809 4119 φάτις
831 4033 907 4109 Ιἥκει,

376 4129 421 4204 ὡς
443 4133 480 4194 σὺ
502 4131 563 4211 μετ’
590 4126 727 4213 ὀρνίθων
747 4125 918 4212 προλιπὼν
943 4131 991 4211 ἐμὲ

376 4226 408 4298 ἐς
430 4226 564 4311 κόρακας
584 4220 688 4308 βαδιεῖ
711 4225 920 4305 μεταμώνιος;

257 4314 339 4375 Ηεεο
369 4317 543 4378 scholiastae
576 4316 712 4377 videntur
743 4336 878 4396 expressa
898 4337 960 4380 esse
981 4318 1019 4378 ad
1040 4317 1129 4378 verba
1149 4336 1183 4377 ex
1206 4316 1292 4377 Euri·

216 4409 295 4488 pidis
317 4409 420 4472 Aeolo:

1192 4560 1202 4606 l
