3180 5196
774 387 833 449 111

262 579 305 640 ut
331 572 434 638 verbis
458 571 614 637 adderent
636 571 764 656 pondus
787 572 807 649 ¹3
833 592 933 657 quum
950 573 1108 638 recentior
1119 594 1191 657 ars,
1211 574 1342 639 auribus

264 683 447 753 mulcendis
471 685 613 750 maxime
633 683 775 766 intenta,
800 683 928 749 inverso
951 685 1083 769 ordine,
1108 685 1205 751 verba
1216 687 1345 772 cogeret

265 800 356 872 sonis
394 798 564 882 famulari,
607 805 641 864 et
674 797 953 864 modulationibus
991 801 1138 885 gaudens
1173 797 1343 884 dulcibus,

265 913 430 995 incitatis,
446 911 581 978 affectus
593 911 717 998 plenis,
735 917 905 996 poetarum
917 913 1006 978 dieta
1019 913 1060 980 iis
1076 913 1343 998 accommodaret,

264 1027 316 1093 ita
338 1033 376 1093 ut
398 1045 493 1110 saepe
516 1024 551 1089 in
574 1045 640 1089 una
662 1023 789 1106 syllaba
804 1024 1245 1112 conglomerarenturplures
1259 1027 1343 1110 soni,

265 1146 326 1205 ant
358 1138 458 1204 etiam
491 1137 588 1202 verba
620 1134 892 1220 duplicarentur³
914 1158 978 1222 qno
1001 1139 1170 1205 rotundior
1193 1141 1345 1207 evaderet

265 1251 419 1337 periodus
442 1250 577 1315 musica.
632 1287 645 1314 ι

314 1363 484 1429 Monodias
519 1381 666 1448 quoque,
691 1381 771 1447 quas
795 1361 970 1448 Euripides
995 1364 1131 1450 (magno
1155 1369 1192 1430 ut
1216 1366 1346 1432 videtur

267 1477 386 1542 talium
420 1475 600 1541 carminum
641 1475 758 1540 ductus
793 1483 917 1561 amore)
951 1476 1073 1544 fabulis
1108 1479 1248 1545 inseruit
1280 1499 1346 1545 non

266 1606 408 1675 paucas,
448 1587 589 1653 comicus
624 1589 658 1652 in
689 1586 799 1671 jocum
833 1588 940 1656 vertit.
964 1591 1060 1656 'Rau
1098 1612 1145 1657 vs.
1183 1593 1246 1657 939
1275 1613 1343 1679 sqq.

304 1847 312 1878 ¹
329 1847 402 1910 Quod
419 1849 492 1898 Plato
509 1847 572 1911 ch.
590 1847 641 1904 111,
657 1863 715 1911 pag.
732 1850 782 1898 400
799 1849 825 1897 A
843 1856 916 1899 vocat
933 1851 979 1899 τὸν
995 1850 1062 1900 πόδα
1072 1853 1186 1918 τῷλόγῳ
1196 1851 1347 1918 ἀναγκάζειν

269 1937 373 1988 ἕπεσθαι
389 1941 430 1987 καὶ
447 1939 476 1988 τὸ
492 1939 583 2002 μέλος,
601 1938 671 1986 ἀλλὰ
687 1940 723 2002 μὴ
740 1939 820 2004 λόγον
837 1938 897 1988 ποδὶ
915 1957 940 1989 τε
957 1941 1000 1989 rui
1015 1940 1093 2005 μέλει,
1105 1941 1348 1993 hauctantummodo

269 2029 388 2076 musicam
409 2035 489 2077 artem
506 2034 596 2091 putans
613 2025 673 2077 ferri
689 2041 761 2092 posse
779 2027 804 2075 in
821 2027 884 2076 urbe
900 2028 939 2077 cui
956 2027 1033 2078 fortes
1050 2029 1116 2078 alere
1132 2030 1201 2080 cives
1217 2046 1290 2083 curae
1307 2033 1347 2083 sit.

304 2115 362 2167 ²ln
379 2118 481 2180 paradis
497 2119 528 2166 de
544 2132 593 2181 qua
609 2132 668 2167 mox
686 2117 825 2166 videbimus
842 2117 1014 2167 monodiarum
1033 2119 1229 2182 Euripidearum
1251 2123 1348 2187 saepius

270 2198 426 2270 duplicantur
443 2207 527 2265 verba,
545 2208 608 2257 Rari.
625 2221 663 2255 vs.
683 2207 755 2264 1337,
776 2208 846 2266 1352,
865 2207 936 2263 1353,
956 2209 1027 2267 1354,
1047 2209 1348 2276 135511116616111661111

271 2296 419 2360 Euripidem
443 2304 493 2346 tam
517 2297 617 2346 crebrae
641 2310 730 2346 vocum
754 2297 935 2360 geminationes
956 2306 1089 2348 occurrunt
1109 2314 1184 2362 quam
1205 2302 1231 2350 in
1247 2302 1349 2350 canticis

272 2386 384 2436 Helenae
399 2385 505 2445 fabulae,
521 2384 650 2435 alternatis
666 2385 732 2434 inter
746 2385 872 2435 Helenam
889 2393 915 2435 et
931 2385 1074 2435 Menelaum
1090 2387 1128 2438 rs.
1145 2388 1196 2437 648
1212 2403 1264 2452 sqq.
1280 2390 1350 2451 (648,

271 2476 366 2533 oscas,
384 2477 441 2536 664,
457 2477 513 2536 670,
526 2475 583 2533 682,
595 2473 665 2537 681).
684 2475 822 2524 videantur
836 2475 910 2523 ctiam
919 2475 944 2522 hi
954 2489 987 2524 ex
996 2475 1101 2525 Hecuba
1109 2477 1347 2540 1616116(68861111.);

530 2564 615 2614 ἄπιστ’
633 2565 730 2614 ἄπιστα
747 2565 913 2614 καινὰκαινὰ
931 2563 1057 2629 1116161116,

532 2653 603 2718 ἕτερα
620 2652 641 2702 δ’
659 2651 701 2717 ἀφ’
718 2651 809 2718 ἐτέρων
825 2655 889 2702 suad
906 2657 990 2702 κακῶν
1006 2657 1081 2718 κυρεῖ.

532 2741 646 2793 οὐδέποτ’
663 2741 819 2800 ἀστένακτος
836 2739 976 2806 ἀδάκρυτος
992 2741 1024 2790 ἁ-

531 2832 593 2896 μέρα
611 2831 744 2897 'mamaea

535 2920 594 2972 δείν’
610 2923 630 2970 ὦ
647 2921 772 2981 τάλαινα,
790 2921 859 2970 δεινὰ
876 2919 1010 2984 πάσχομεν
1026 2920 1098 2969 rard.

533 3012 551 3058 ὦ
572 3010 668 3072 τέκνον,
686 3009 775 3060 τέκνον
791 3009 917 3066 ταλαίνας
934 3009 1043 3074 ματρός,
1120 2995 1126 3010 ’

531 3103 581 3151 τίνι
596 3108 665 3169 μόρῳ
682 3101 812 3162 deiparam
831 3100 882 3150 rius
899 3104 989 3164 πότμῳ
1007 3101 1101 3159 κεῖσαι,
1170 3113 1173 3120 ·

533 3193 596 3256 πρὸς
613 3192 683 3249 τίνος
700 3190 856 3254 ἅνθρώτωη

306 3279 410 3329 Frustra
433 3285 503 3338 sunt,
528 3293 568 3328 me
586 3280 686 3344 quidem
698 3278 796 3343 judice,
812 3278 854 3342 qui
870 3279 897 3328 in
913 3277 951 3327 his
966 3277 1145 3326 vccabulomm
1160 3278 1349 3342 conduplicatic·

275 3368 346 3416 nibus
370 3367 464 3430 aliquid
488 3366 575 3418 moesti
597 3376 623 3418 et
639 3368 719 3417 flebile
735 3374 872 3432 quaerunt,
892 3366 932 3416 vel
957 3374 984 3415 ut
999 3379 1056 3415 cum
1072 3365 1240 3428 grammaticis
1256 3367 1350 3430 loquar,

275 3457 434 3506 1616616616
450 3470 491 3506 eas
508 3457 592 3507 deberi
608 3458 768 3506 contendunt.
801 3457 904 3506 Etenim
919 3471 970 3505 non
986 3461 1056 3504 tanta
1072 3462 1111 3504 est
1129 3454 1273 3519 plerumque
1295 3470 1348 3505 sen-

275 3545 366 3594 tentiae
391 3546 504 3606 δεινότης
528 3554 558 3596 ut
580 3547 627 3595 ista
650 3546 782 3610 explicatio
803 3547 881 3610 possit
901 3545 984 3609 recipi.
1017 3546 1074 3608 lige
1090 3543 1172 3594 nuilus
1189 3545 1273 3594 dubito
1289 3546 1349 3609 quin

276 3635 322 3683 bac
337 3649 433 3699 quoque
449 3636 475 3684 in
492 3643 563 3700 parte
580 3637 611 3685 sd
627 3638 713 3686 modos
730 3635 838 3685 musicos
854 3635 985 3685 referenda
1000 3634 1050 3683 sint
1065 3617 1157 3683 omnia.

309 3724 411 3776 Gaudeo
426 3739 467 3775 me
483 3725 547 3776 hauc
563 3726 704 3790 opinionem
722 3726 787 3776 tueri
802 3739 873 3790 posse
889 3725 1036 3775 auctoritate
1053 3724 1102 3774 viri
1118 3724 1182 3773 docti
1199 3724 1291 3781 161116,
1308 3725 1350 3786 qui

276 3817 303 3864 iu
320 3815 455 3878 Epimetris
471 3815 585 3881 subjectis
600 3815 665 3866 libro
681 3816 712 3865 de
730 3816 871 3866 Aristarchi
887 3816 975 3866 studiis
990 3815 1145 3874 Homericis,
1161 3829 1218 3878 pag.
1235 3816 1284 3868 475
1299 3816 1349 3864 6111-

275 3906 351 3955 tionis
366 3907 425 3955 anni
449 3908 524 3967 1886,
541 3908 645 3957 eandem
661 3906 812 3957 sententiam
828 3905 868 3956 his
883 3905 967 3956 verbis
983 3904 1115 3969 exprimit:
1142 3904 1217 3956 “wie
1232 3903 1291 3952 sehr
1306 3905 1350 3953 das

276 3994 470 4045 “Musikalische
493 3995 625 4060 mitspielt,
649 3997 692 4046 das
717 3995 851 4059 empiindet
873 4009 933 4044 man
953 3994 1086 4044 besonrlers
1106 4008 1138 4043 an
1155 3992 1250 4044 Stellen
1267 4007 1306 4042 wo
1323 4009 1349 4042 es

276 4084 360 4134 “nicht
376 4085 493 4149 gescheut
509 4087 608 4136 worden
625 4099 697 4136 wenn
713 4085 782 4136 disse
798 4084 994 4147 wiederholung
1012 4083 1087 4134 selbst
1103 4082 1150 4132 aui
1162 4083 1204 4132 ein
1214 4083 1289 4134 Wort
1305 4097 1348 4133 un-

277 4174 470 4224 “bedeutsamen
495 4175 584 4226 Sinnes
609 4175 683 4236 tritit,
708 4175 756 4224 wie
774 4175 847 4238 jenes
863 4173 940 4234 satis
956 4172 1033 4234 ἐδάην
1047 4172 1175 4222 Phoeniss.
1191 4172 1253 4232 680,
1269 4173 1350 4234 ἄλλος

277 4263 375 4322 “ᾶλλος
398 4264 505 4314 daselbst
531 4263 602 4316 1322·
625 4291 656 4302 —
678 4265 785 4315 Meliora
801 4271 885 4313 tamen
901 4261 1017 4326 exempla
1033 4260 1153 4325 potuisset
1169 4260 1275 4324 eligam
1292 4278 1349 4312 narn

278 4352 409 4404 Phoeniss
424 4369 460 4405 vs.
481 4355 527 4405 681
546 4354 609 4428 βᾶθι
630 4354 693 4418 βᾶθι
714 4355 814 4419 legitur,
837 4362 862 4404 et
877 4353 939 4402 illud
955 4353 1037 4410 ἄλλος
1054 4353 1133 4410 ἄλλος
1150 4366 1199 4402 nou
1214 4352 1240 4401 in
1256 4353 1351 4402 cantico

278 4444 321 4494 sed
337 4445 364 4494 in
380 4445 490 4494 diverbia
506 4445 619 4496 occurrit.
