3180 5196
713 367 753 429 79

759 554 879 632 νόσημα
901 551 963 637 γὰρ

193 669 231 726 ut
256 683 327 726 cum
363 661 524 748 Aeschylo
547 663 660 748 loquar
683 664 861 744 (Prometh.
888 687 933 730 vs.
962 665 1024 731 685
1050 667 1116 750 sq.)

361 774 527 862 αἴσχιστον
550 776 628 841 εἷναί
649 789 723 862 φημι
745 776 915 853 συνθέτους
936 777 1073 864 λόγους,

194 893 223 957 si
250 890 414 977 ejusmodi
435 890 556 956 finibus
579 891 766 957 inserviant

241 1004 304 1070 Sed
333 1003 434 1070 etiam
468 1004 524 1069 ubi
555 1026 620 1070 non
643 1005 845 1091 disputatur,
870 1004 928 1069 illa
951 1004 1047 1069 λαλιὰ
1072 1003 1266 1089 Euripidea,
1375 1047 1378 1054 ι

196 1137 287 1181 emor
322 1114 350 1180 si
371 1136 436 1180 non
459 1115 613 1202 litigandi
634 1124 669 1183 at
691 1123 776 1183 certe
800 1117 1051 1199 sermocinandi,
1068 1117 1192 1201 passim
1204 1140 1271 1184 ocr-

202 1229 310 1310 nitur,
341 1227 504 1294 interdum
538 1229 632 1295 valde
663 1230 858 1316 importune.
906 1230 989 1295 Mire
1016 1230 1099 1294 mihi
1121 1230 1269 1316 quidem,

199 1349 238 1408 ut
261 1340 448 1425 exemplum
469 1340 621 1425 afferam,
647 1363 773 1427 semper
796 1341 965 1427 displicuit
988 1340 1158 1427 longitudo
1174 1344 1271 1410 orati-

198 1457 270 1524 onis
284 1478 382 1543 quam
401 1455 436 1520 in
454 1456 641 1522 Phoenissis
656 1458 794 1523 nuncius
811 1457 927 1523 recitat
943 1467 962 1522 ¹.
999 1457 1084 1522 Nam
1099 1463 1272 1542 postquam

200 1569 295 1654 epica
314 1571 461 1637 ubertate
482 1570 654 1656 descripsit
673 1571 802 1658 clypeos
827 1576 890 1637 τῶν
912 1573 986 1636 ἑπτὰ
1010 1580 1043 1636 et
1054 1571 1272 1636 interminatis

198 1681 377 1749 verborum
399 1685 590 1771 amhagibus
613 1707 692 1752 usus
715 1691 780 1770 est,
814 1685 871 1751 vix
899 1680 1032 1750 tandem
1062 1689 1212 1750 exoratus
1235 1688 1273 1750 ut

199 1795 300 1860 etiam
327 1796 367 1862 de
394 1796 551 1863 ambo'bus
574 1798 728 1863 fratribus
752 1797 880 1880 referat,
896 1797 1010 1874 horum
1024 1795 1145 1864 instare
1158 1819 1272 1862 mono-

199 1906 362 1972 machiam
397 1908 495 1986 dicit;
530 1915 607 1974 tunc
637 1931 711 1978 vero
733 1916 771 1976 ut
794 1914 943 1995 properet
964 1909 1006 1974 ad
1027 1908 1142 1994 proelii
1165 1909 1273 1976 locum

205 2019 360 2085 Jocasten
374 2020 531 2106 impellit,
549 2043 630 2107 quae
645 2027 773 2108 tamen,
790 2029 828 2089 ut
843 2021 1023 2108 exspectari
1039 2027 1167 2106 poterat
1180 2026 1272 2088 tanto

204 2134 360 2218 temporis
385 2133 489 2219 spatio
510 2134 713 2219 intermiss0,
738 2157 808 2201 sero
832 2134 931 2201 venit
972 2133 1051 2214 Quis
1067 2155 1133 2200 uon
1149 2140 1271 2202 stoma·

206 2245 319 2310 chetur
347 2252 415 2311 tam
446 2246 537 2310 tardo
560 2252 593 2311 et
614 2247 741 2332 loquaci
765 2247 903 2330 nuncio,
927 2247 983 2333 qui
1001 2246 1036 2311 id
1059 2268 1161 2313 unum
1186 2248 1272 2333 quod

204 2359 270 2424 cito
292 2359 460 2425 resciscere
483 2358 652 2442 intererat,
677 2361 769 2426 edere
791 2362 985 2426 cunctetur?
1030 2359 1063 2426 ls
1085 2360 1174 2428 enim
1193 2360 1272 2426 dum

201 2481 289 2538 totus
317 2478 367 2538 est
390 2472 622 2564 inenarraudo
645 2473 842 2540 emblemata
864 2473 981 2559 quibus
1006 2473 1150 2540 hostium
1167 2472 1273 2560 clypei

201 2591 280 2650 suut
310 2585 433 2666 ornati,
453 2585 665 2670 jugulantes
689 2587 828 2653 invicem
853 2587 1024 2670 Polynices
1048 2593 1081 2653 et
1105 2588 1272 2671 Eteocles,

202 2722 305 2787 neque
329 2698 407 2764 fatis
428 2698 533 2783 magis
557 2721 654 2783 quam
678 2701 807 2784 garrulo
830 2700 887 2764 isti
911 2701 1060 2784 nugatori
1082 2702 1274 2788 imputanda

204 2819 254 2878 est
277 2835 340 2878 nex
368 2833 477 2877 eorum
500 2817 532 2876 et
554 2833 623 2876 sero
635 2812 837 2878 advenientis
849 2813 973 2879 matris.
988 2852 1032 2862 -
1046 2814 1210 2880 Imitando
1222 2815 1273 2880 hic

207 2948 334 3014 quoque
364 2931 459 3012 poeta
479 2924 677 3008 Aeschylum
704 2926 904 3010 aemulatur,
930 2927 1016 3011 apud
1041 2948 1138 3013 quem
1163 2933 1273 2991 tamen

204 3037 321 3106 similis
352 3039 451 3124 longa
474 3037 648 3123 descriptio
671 3039 856 3104 nonhabet
877 3041 962 3125 quod
987 3039 1147 3124 offendat,
1172 3062 1273 3126 quum

203 3172 267 3216 non
302 3173 339 3216 eo
371 3152 525 3236 temporis
554 3156 675 3236 puncto
706 3151 887 3236 proferatur
918 3174 980 3237 quo
1002 3153 1095 3217 unice
1117 3151 1272 3218 festinato

203 3286 285 3350 opus
308 3265 352 3329 sit
366 3264 388 3329 ⁹.
427 3267 533 3332 Multo
558 3288 651 3352 porro
675 3268 784 3352 aptius
802 3267 1002 3352 Aeschyleus
1019 3268 1157 3333 nuncius
1174 3289 1272 3353 quae-

204 3398 330 3463 cunque
352 3378 394 3442 ad
414 3379 557 3445 hostium
574 3379 676 3448 aciem
692 3387 724 3445 et
739 3380 837 3446 duces
849 3381 1015 3465 pertinent
1026 3378 1124 3445 refert
1135 3379 1272 3461 Eteocli,

89 3581 97 3594 Ι
204 3490 256 3554 cui
280 3489 443 3556 incumbit
463 3491 630 3558 Thebanos
653 3494 843 3579 προμάχους
867 3492 1006 3578 singulis
1023 3492 1158 3558 ducibus
1173 3513 1273 3578 oppo-

204 3624 299 3686 nere,
332 3624 428 3688 quam
460 3604 558 3669 matri
589 3604 629 3670 de
658 3604 768 3670 liberis
793 3605 953 3671 sollicitae
976 3604 1118 3692 ἄγγελος
1142 3603 1273 3689 Euripi-

205 3716 293 3781 deus.
342 3717 405 3782 Hic
440 3716 468 3782 si
499 3739 660 3804 uuquam,
684 3739 922 3803 praecessorem
946 3739 1097 3803 superare
1122 3723 1271 3800 conatus,

207 3829 379 3912 Euripides
401 3828 523 3895 excidit
546 3832 633 3896 ausis
650 3837 672 3895 ³.

242 3974 246 3998 ¹
281 3971 338 4018 Non
360 3972 432 4020 aliter
455 3973 547 4022 seuche
573 3971 754 4022 Bernhardium
773 3973 850 4036 liquet
866 3986 898 4022 cx
916 3971 950 4020 l.l.
969 3987 1026 4036 psg.
1051 3973 1111 4020 tlt:
1141 3973 1203 4020 “deu
1227 3972 1273 4020 Er-

204 4035 361 4123 “s'ahlungen
385 4061 518 4111 besonders
535 4063 671 4126 redseligcr
685 4064 776 4112 Bctcn.
788 4098 810 4110 ..
831 4062 904 4112 wird.
915 4097 937 4110 ..
959 4061 997 4110 cin
1015 4075 1099 4110 ausser
1119 4060 1275 4110 Verh'cltniss

206 4147 314 4196 “breitcr
330 4149 409 4198 Reum
429 4151 620 4214 tugostanden.''

240 4235 250 4266 ²*
283 4237 374 4286 Aesch.
391 4238 497 4302 Septa.
513 4239 592 4290 Theb.
609 4255 645 4288 vs.
662 4239 801 4291 875-652.

239 4323 249 4354 ³
283 4325 405 4374 Mulierus
423 4326 477 4388 (Gr.
496 4328 707 4391 Literuturgesch.
726 4328 767 4386 11,
784 4342 840 4390 pag.
857 4328 912 4390 148)
924 4326 1273 4389 statuit,EuripideminAe-

207 4413 288 4477 schyli
312 4414 394 4463 fabula
418 4416 578 4478 improbasse,
603 4418 667 4479 quod
691 4417 785 4479 proelio
810 4416 918 4466 nondum
947 4417 1008 4464 inito
1025 4416 1055 4463 dc
1075 4420 1166 4477 septem
1185 4416 1272 4464 ducum
