3154 5198
855 386 898 445 20

337 572 486 637 Socrates
516 571 654 652 coleret,
687 570 829 634 Aethera
862 570 1017 633 nimirum
1050 569 1233 657 Nubesque.
1282 573 1347 637 seo
1375 573 1425 636 de

337 685 377 748 iis
401 684 535 769 posthac
559 683 688 749 uberius
714 681 883 767 aliquanto
906 683 967 747 erit
989 681 1181 766 dicendum,
1199 683 1255 748 ubi
1268 684 1308 749 ad
1320 685 1423 749 aliud

334 799 479 881 crimen,
511 792 830 883 μετεωραδολεσχίας,
864 796 953 882 (pag.
982 799 1022 860 53
1048 796 1135 881 sqq.)
1159 797 1419 880 pervenerimus.

770 1002 916 1015 WWW»
919 1002 937 1013 Ν

498 1165 512 1247 ξ
539 1168 569 1230 2.
618 1166 670 1229 An
683 1163 761 1248 jure
785 1161 1015 1247 Aristophanes
1039 1164 1084 1225 ito
1107 1163 1246 1228 senserit.

382 1370 420 1434 Si
443 1368 512 1454 jam
537 1389 631 1453 roges
656 1388 719 1452 quo
738 1366 812 1450 jure
837 1363 1028 1450 Euripidem
1052 1365 1230 1450 impietatis
1257 1363 1421 1428 incusarit

339 1482 592 1566 Aristophanes,
616 1479 727 1566 negari
752 1499 817 1543 non
841 1484 966 1563 potest,
992 1499 1101 1542 revera
1123 1499 1197 1542 eum
1220 1477 1322 1542 fuisse
1336 1498 1419 1542 con—

340 1602 512 1660 temtorem
535 1593 689 1676 deorum,
714 1613 825 1656 eorum
849 1592 966 1656 saltem
981 1591 1113 1657 deorum
1130 1614 1210 1678 quos
1226 1592 1260 1656 in
1273 1590 1419 1678 Olympo

337 1709 525 1776 'habitantes
559 1733 577 1775 e
612 1707 815 1794 mythologie
839 1714 957 1772 norant
981 1707 1105 1773 Graeci.
1159 1707 1336 1790 Postquam
1362 1725 1417 1768 se·

336 1823 406 1888 rnel
433 1825 575 1909 cogitare
598 1829 633 1888 et
655 1821 822 1906 disputare
846 1820 1011 1904 inceperat
1033 1818 1073 1883 de
1096 1818 1136 1882 iis
1162 1815 1415 1898 narrationibus,

337 1939 459 2022 partim
483 1937 636 2023 poeticis,
661 1935 782 2020 partim
805 1933 970 2018 mysticis,
996 1952 1078 2018 quae
1100 1952 1157 2015 per
1180 1928 1418 2015 plurasaecula

341 2053 527 2117 coaluerant
542 2052 575 2116 in
600 2048 780 2116 doctrinam
804 2048 967 2134 quandam
993 2045 1206 2130 theologicam
1222 2056 1243 2125 ¹,
1268 2065 1332 2107 non
1356 2064 1437 2128 po-v

339 2171 425 2230 terat
455 2165 535 2251 quin
565 2165 600 2228 in
635 2163 703 2228 dies
737 2163 843 2248 magis
877 2161 970 2226 fieret
992 2158 1194 2240 incredulus,
1219 2163 1250 2222 et
1276 2157 1416 2240 denique

273 2306 276 2311 ·
340 2283 444 2358 totam
473 2277 663 2364 religionem
689 2301 708 2342 a
730 2277 878 2362 patribus
902 2281 1085 2360 acceptam,
1111 2294 1185 2338 cum
1209 2271 1339 2337 usitatis
1360 2293 1414 2336 sa-

342 2390 419 2474 mio,
443 2390 577 2455 haberet
598 2412 658 2475 pro
681 2388 822 2455 absurda
846 2388 1097 2473 superstitione,
1121 2393 1155 2451 et
1177 2385 1230 2450 vcl
1250 2384 1415 2450 dubitaret

337 2504 453 2569 audii
480 2504 613 2570 omnino
636 2511 754 2570 essent
805 2501 878 2566 Non
903 2498 992 2567 male¹
1011 2501 1116 2585 possis
1141 2521 1325 2584 comparare
1345 2499 1413 2562 cul-

340 2624 413 2683 tum
437 2617 532 2682 illum
553 2617 684 2682 deorum
698 2640 772 2683 cum
783 2625 913 2684 vetusta
925 2619 1037 2699 domo,
1052 2638 1144 2702 quae,
1155 2615 1235 2679 dum
1248 2613 1411 2680 abstineas

340 2751 476 2812 manus,
501 2728 688 2795 etiamnunc
711 2730 767 2795 diu
780 2731 982 2815 possitstare
994 2737 1026 2794 et
1039 2728 1090 2793 vel
1103 2727 1198 2791 firma
1208 2726 1310 2790 videri
1320 2747 1411 2810 prae-

340 2842 561 2920 tereuntibus3
579 2842 631 2908 sin
649 2841 914 2930 intromittuntur
927 2865 1040 2926 operae
1053 2840 1109 2926 qui
1125 2840 1177 2904 hic
1188 2839 1256 2903 illic
1269 2838 1410 2923 aliquam

341 2961 486 3039 partem,
518 2955 694 3020 fenestram
710 2955 890 3040 januamve
913 2954 964 3020 vel
986 2953 1146 3035 imbrices,
1171 2951 1358 3017 examinent
1379 2959 1412 3013 et

339 3069 460 3168 yitiosa
483 3069 672 3151 emendent,
697 3070 830 3136 admota
853 3091 940 3134 serra
954 3074 987 3132 et
999 3065 1102 3132 securi
1113 3087 1190 3129 mox
1202 3064 1306 3150 liquet
1317 3062 1409 3148 plura

288 3178 291 3185 ’
343 3203 414 3246 esse
438 3181 603 3265 tollenda,
627 3182 744 3248 deinde
768 3183 830 3268 ipsi
854 3181 940 3246 muri
961 3181 1147 3262 labascunt,
1172 3179 1304 3244 tandem
1329 3177 1410 3260 cpti-

342 3316 434 3359 mum
457 3295 585 3360 videtur
607 3303 710 3360 totam
733 3295 963 3361 domunculam
988 3294 1057 3358 solo
1079 3314 1224 3378 aequare.

389 3406 495 3486 Quum
528 3415 638 3473 autem
670 3407 844 3493 Euripides
874 3408 974 3472 simul
1009 3407 1043 3471 in
1067 3408 1281 3490 Anaxagorae
1305 3390 1413 3468 schola¹

343 3540 473 3604 operam
507 3519 650 3583 dedisset
680 3520 775 3584 rebus
809 3519 968 3602 physicis,
999 3519 1058 3583 hoc
1081 3517 1180 3582 etiam
1204 3517 1273 3602 egit
1295 3523 1333 3582 ut
1354 3537 1408 3580 na-

241 3647 244 3657 *
343 3633 482 3697 turalem
517 3641 682 3718 quaereret
716 3632 964 3717 explicationem
998 3632 1183 3697 fabularum
1217 3629 1408 3714 mythologi-

342 3767 469 3827 carum,
494 3767 557 3830 quc
580 3745 702 3810 factum
727 3753 777 3810 est
800 3755 837 3810 ut
861 3745 947 3830 ipsos
964 3745 1040 3811 deos
1057 3768 1130 3812 cum
1144 3745 1266 3810 viribus
1279 3751 1408 3808 naturae

430 3923 536 3986 Dionys.
571 3923 604 3970 {a
619 3920 651 3981 dr)
669 3921 808 3986 προςεῦχου
826 3925 908 3971 τοῖσιν
924 3919 1034 3981 ἰδιώταις
1052 3923 1126 3980 θεοῖς.

430 4013 493 4061 Ενν.
566 4009 655 4074 αἰθήρ,
672 4010 734 4075 ἐμὸν
748 4009 882 4074 βόσκημα,
900 4013 941 4060 καὶ
958 4013 1072 4076 γλώττης
1090 4009 1220 4075 στρόφιγξ,

569 4101 609 4148 rol
628 4099 710 4156 ξύνεσι
727 4100 767 4148 καῖ
785 4105 906 4165 μυκτῆρες
925 4100 1116 4166 ὀσφραντήριοι,

570 4191 648 4254 ὀρθῶς
664 4189 817 4254 μ’ἰλὲγχνν
834 4188 870 4239 ὧν
887 4191 919 4239 ἂν
936 4189 1163 4254 ἅπτωμαιλόγων.

377 4279 385 4309 ¹
405 4279 440 4328 Ut
463 4280 528 4343 apud
554 4280 683 4330 Platonem
707 4281 767 4329 dicit
787 4280 952 4329 Adimantus:
970 4281 1017 4328 “de
1034 4277 1082 4326 diis
1099 4279 1143 4327 οὐκ
1160 4277 1270 4326 ἄλλοθεν
1286 4276 1356 4340 ἴσμεν
1372 4278 1409 4323 καὶ

343 4369 500 4432 “ἀκηκόαμεν
524 4369 583 4428 bix
600 4388 626 4418 τε
646 4375 698 4419 τῶν
715 4371 800 4434 λόγων
817 4370 857 4419 καὶ
876 4374 926 4418 τῶν
943 4369 1185 4433 γενεαλογησάντων
1203 4363 1339 4425 ποιητῶν.““
1372 4367 1408 4413 lle

297 4509 300 4514 s
345 4457 411 4522 chss
425 4459 451 4507 II
469 4475 525 4522 pag.
542 4459 591 4510 365
608 4460 639 4507 Ε.
