3180 5196
773 341 814 400 94

257 524 433 590 nonnullos
468 530 735 592 commemoratos
771 523 912 589 vidimus
946 523 1017 588 loco
1054 522 1154 588 allato
1169 531 1198 605 ¹,
1229 521 1330 586 etiam

257 637 298 701 in·
326 636 461 702 servatis
493 637 660 722 Euripidis
689 637 810 702 fabulis
832 636 941 722 plures
967 656 1120 721 personas
1144 633 1329 700 invenimus

258 772 338 836 quas
362 749 503 815 externis
527 770 655 835 quoque
674 751 827 817 adversae
847 747 997 813 fortunae
1008 746 1111 832 signis
1129 745 1332 812 miserationi

258 861 484 928 commendare
518 861 624 926 voluit
657 867 762 947 poeta.
805 861 854 925 De
888 859 1029 924 Menelai
1057 857 1185 924 sordido
1208 857 1331 924 vestitu

258 979 293 1042 in
328 977 456 1042 Helena
490 975 619 1061 saepius
646 997 752 1042 sermo
775 976 814 1040 fit
827 978 857 1054 ’ς
882 995 986 1061 neque
1010 973 1140 1039 Electra
1163 973 1196 1037 in
1220 972 1332 1038 fabule

258 1087 445 1175 cognomini
459 1086 567 1152 multo
586 1087 723 1153 comtior
734 1087 843 1174 prodit
853 1089 874 1152 ³.
901 1087 940 1152 In
954 1086 1077 1152 Orestis
1088 1085 1183 1151 initio
1198 1091 1332 1170 apparet

258 1205 350 1270 heros
375 1209 443 1267 tam
466 1199 792 1285 horridus'aspectu,
816 1206 942 1266 utnon
965 1199 1071 1284 possit
1092 1197 1205 1284 pejus,
1221 1219 1331 1263 comae

259 1317 420 1404 squallore
443 1318 477 1378 et
498 1313 665 1378 oculorum
689 1313 816 1399 orisque
830 1313 944 1379 illuvie
960 1311 1157 1379 testantibus
1169 1317 1329 1378 recentem

259 1430 401 1495 furorem
424 1428 510 1494 unde
533 1427 630 1493 modo
642 1427 781 1513 resipuit
792 1431 815 1493 ⁴.
840 1427 1005 1494 Pentheus
1017 1426 1191 1492 Maenadas
1202 1426 1331 1491 visurus

261 1541 435 1624 στολισμὸν
469 1541 579 1609 induit
615 1562 689 1607 vere
724 1541 955 1627 Euripideum,
998 1539 1173 1620 muliebres
1215 1559 1332 1624 nempe

260 1660 367 1720 vestes
384 1657 406 1719 ⁶.
433 1653 486 1720 Sic
510 1675 605 1740 saepe
628 1677 709 1741 quae
732 1655 774 1720 ed
797 1654 947 1721 habitum
970 1661 1004 1720 ct
1026 1654 1152 1720 cultum
1167 1651 1332 1739 pertinent

261 1765 407 1852 aliasque
442 1767 477 1833 id
509 1789 613 1853 genus
644 1768 802 1835 minutias
828 1769 864 1832 in
886 1789 983 1834 usum
1006 1772 1117 1850 vocat,
1141 1787 1205 1853 quo
1226 1766 1332 1852 magis

262 1885 378 1965 tangat
413 1881 604 1965 spectatoris
636 1881 791 1948 animum.
841 1883 1008 1963 Quatenus
1042 1882 1103 1947 hoe
1131 1881 1202 1946 fieri
1224 1879 1333 1966 potuit

263 1991 354 2056 selva
387 2014 501 2058 scenae
534 1993 714 2080 dignitate,
750 1996 899 2081 equidem
934 1995 1072 2061 laudabo
1103 1993 1331 2080 potiusquam

262 2105 418 2190 culpab03
443 2107 529 2192 quod
552 2108 693 2192 exempli
715 2109 823 2194 gratia
846 2109 982 2192 Peleus,
1005 2107 1247 2173 Andromaches
1258 2105 1332 2171 vin·
1376 2157 1379 2162 .

263 2219 336 2283 cula
370 2218 517 2304 solvens,
552 2243 627 2287 eum
662 2222 811 2289 Menelao
845 2223 1032 2309 expostulat
1067 2222 1107 2287 de
1142 2219 1236 2285 nodis
1263 2226 1333 2285 tam

264 2338 349 2397 erote
384 2332 547 2399 adstrictis
582 2340 620 2400 ut
648 2335 783 2402 miserae
811 2337 958 2402 mulieris
981 2313 1102 2402 manus·
1121 2338 1285 2400 tumerent
1302 2338 1332 2415 ⁶,

264 2466 329 2509 non
363 2446 507 2511 multum
541 2469 618 2512 sane
641 2448 740 2514 habet
768 2449 940 2535 gravitatis
964 2471 1038 2515 cum
1061 2449 1096 2513 in
1119 2446 1222 2534 ipsius
1246 2445 1334 2513 vitae

263 2558 451 2624 discrimine
474 2565 620 2626 versetur
642 2561 884 2646 Andromache,
910 2563 966 2629 sed
988 2562 1123 2628 minime
1146 2567 1255 2627 tamen
1283 2565 1335 2626 est

263 2685 517 2756 supervacuum,
547 2694 649 2758 quum
678 2675 757 2740 haec
781 2675 923 2741 Menelai
945 2674 1072 2741 inutilis
1097 2674 1245 2758 saevitia,
1269 2672 1332 2737 im·
1379 2727 1382 2733 .

264 2785 383 2850 bellem
403 2785 571 2853 mulierem
592 2787 776 2872 cruciantis,
795 2787 899 2853 obiter
911 2791 1160 2854 commemorata
1175 2786 1335 2853 efficacius

299 3024 538 3076 1Αθιιιιιιιιοιοτιιιιι
561 3027 664 3078 heroum
689 3029 879 3092 Euripideorum
903 3031 1040 3094 catalogum
1061 3030 1146 3078 videre
1167 3035 1204 3078 eat
1220 3030 1293 3078 ctiam
1309 3029 1337 3077 in

267 3114 405 3178 fragmento
422 3131 455 3165 ex
472 3117 590 3168 Timoelis
606 3118 792 3181 Dionysiaausis
803 3126 900 3170 servato
907 3119 973 3182 apud
982 3119 1148 3179 Athenaeum,
1156 3119 1205 3178 VI,
1213 3133 1269 3183 pag.
1278 3120 1337 3170 223.

299 3201 310 3234 ²
326 3205 453 3255 Menelaus
476 3214 528 3256 tam
552 3208 661 3272 squalida
678 3216 745 3258 reste
766 3216 869 3272 apparet
884 3218 912 3258 ut
928 3209 958 3258 ab
975 3207 1071 3258 Helena
1087 3224 1132 3274 pro
1148 3212 1270 3273 praedone
1288 3210 1337 3258 ha-

267 3297 359 3346 beatnr.
391 3300 438 3348 Vs.
455 3301 512 3352 ool:

493 3391 534 3439 καὶ
550 3392 602 3454 μὴν
618 3390 713 3450 στολήν
730 3390 752 3456 γ’
771 3391 884 3456 ἄμορφον
901 3393 963 3457 ἀμφὶ
981 3391 1040 3457 σῶμ’
1057 3394 1129 3456 ἔχεις.

300 3477 357 3538 Ipse
374 3479 404 3526 de
422 3491 448 3526 se
466 3478 593 3528 Menelaus
610 3493 647 3527 vs.
665 3481 740 3532 1085:

495 3568 535 3616 xci
552 3569 604 3632 μὴν
622 3568 675 3618 τάδ’
692 3568 870 3636 ἀμφίβληστρα
888 3571 1004 3635 σώματος
1021 3569 1084 3635 ῥάκη

495 3656 694 3722 ξυμμαρτυρήσει
709 3663 833 3707 ναυτικῶν
849 3658 972 3721 ἐρειπίων.

302 3743 502 3807 Theoclymenus
518 3747 548 3794 de
565 3747 650 3795 eodem
666 3761 702 3798 ve.
722 3747 795 3798 1220:

492 3833 635 3898 Ἀπολλυν,
653 3837 686 3895 ὡς
703 3838 786 3898 ἐσθῆτι
804 3839 935 3904 δυσμόρφῳ
953 3840 1049 3902 πρέπει.

304 3923 313 3952 '¹
330 3923 428 3971 Electra
453 3923 526 3972 habet
551 3926 663 3989 πιναρὰν
684 3925 764 3990 κόμαν
783 3929 823 3976 καὶ
841 3927 946 3977 πέπλων
963 3929 1042 3994 τρύχη
1060 3929 1106 3991 (ve.
1127 3931 1173 3980 184
1189 3932 1243 3993 sq).
1267 3928 1340 3980 Cous.

272 4014 348 4062 eciam
364 4029 398 4062 vs.
416 4015 465 4062 304
481 4028 516 4077 sq.
534 4041 564 4050 -
581 4014 664 4066 Senex
681 4031 776 4082 quoque
788 4018 879 4082 τροφός
894 4025 1147 4082 movetepectatorum
1156 4019 1340 4068 miserationem

272 4103 355 4166 τρύχει
372 4102 478 4152 πέπλων
495 4105 542 4164 (vs.
559 4105 631 4167 ool),
646 4107 760 4166 dominae
777 4107 864 4157 similis
881 4122 942 4172 ergo
958 4109 1077 4158 minister.

306 4191 316 4222 ⁴
333 4192 415 4242 Oreet.
431 4207 470 4240 vs.
484 4195 533 4242 219
549 4207 601 4257 sqq.

307 4282 316 4311 ⁵
332 4281 422 4330 Bacch.
439 4297 476 4330 vs.
493 4283 542 4336 827
558 4298 609 4346 sqq.

307 4369 316 4400 ⁶
334 4371 500 4420 Andromach.
518 4388 552 4422 vs.
569 4375 618 4425 719
634 4389 670 4436 sq.
