3150 5194
802 381 843 444 82

286 568 340 636 Sic
361 564 499 632 Penthei
515 563 612 639 πένθιι
628 569 922 629 commemorantur
933 573 956 644 ¹,
969 563 1002 626 in
1016 562 1213 647 Aphrodites
1226 565 1367 630 nomine

286 679 458 766 respicitur
483 676 524 742 ed
546 677 731 763 ἀφροσύνην
745 684 771 758 ²,
800 674 897 740 etde
921 673 1048 740 Helena
1071 674 1208 741 dicitur:
1234 681 1368 753 Ζηνὸς

286 793 386 864 οὖσαν
407 791 479 868 Ζῆν
502 818 551 855 νιν
573 785 705 874 ἄφθιτον
726 791 831 876 χρεών
845 793 868 852 ³.
896 787 1010 854 Unum
1029 788 1129 854 etiam
1141 788 1371 855 hicreferatur

287 903 473 989 exemplum
495 893 701 986 importunae
723 900 917 984 dicacitatis,
935 923 952 966 e
976 901 1102 967 Tironis
1131 903 1271 988 quadam
1291 902 1368 988 epi-

288 1016 373 1082 stola
400 1015 488 1100 apud
512 1013 658 1080 Gellium
683 1013 769 1080 VII:
795 1016 815 1080 3
839 1019 1018 1081 serratum:
1051 1015 1175 1081 “Recte
1198 1017 1257 1082 hoc
1279 1017 1367 1082 vitio

289 1128 346 1194 dat
370 1128 516 1195 Lucilius
539 1133 654 1212 poetae
676 1127 865 1214 Euripidae,
883 1129 969 1216 quod
985 1151 1058 1196 cum
1075 1130 1296 1216 Polyphontes
1307 1153 1370 1196 rex

288 1249 457 1329 propterea
480 1263 515 1306 se
545 1240 745 1308 interfecisse
768 1242 901 1308 fratrem
928 1241 1196 1332 [Cresphontem]
1224 1244 1369 1327 diceret,

289 1354 376 1441 quod
398 1354 469 1439 ipse
493 1359 569 1419 ante
592 1353 632 1418 de
655 1375 732 1420 nece
755 1355 825 1440 ejus
847 1339 1020 1422 consilium
1044 1357 1202 1443 cepisset,
1232 1357 1370 1442 Meropa

288 1467 398 1532 fratris
423 1487 505 1531 uxor
527 1465 616 1532 hisce
639 1466 719 1532 adeo
740 1488 816 1532 eum
839 1468 945 1533 verbis
969 1468 1123 1534 eluserit:

397 1597 432 1690 vei
453 1595 517 1680 γάρ
538 1594 567 1658 c'
588 1593 727 1678 ἔμελλεν,
750 1597 794 1671 ὡς
816 1598 855 1660 σὺ
877 1599 949 1682 φής,
972 1600 1099 1664 κτείνειν
1120 1600 1243 1674 πόσις,“

411 1709 494 1785 χρῆν
514 1703 563 1764 καὶ
585 1704 618 1764 σὲ
638 1699 785 1781 μέλλειν,Δ
800 1703 844 1776 ὡς
866 1704 988 1788 χρόνος
1010 1702 1221 1790 παρὴλνθεν·”
1237 1739 1276 1746 -

834 1804 938 1868 (Wagn.
956 1804 1046 1869 fragm.
1063 1807 1121 1864 460,
1139 1807 1215 1857 Dino.
1233 1809 1300 1869 459.)

292 1916 481 1998 Mulierem,
518 1921 644 1980 recente
676 1916 786 1982 mariti
813 1917 911 1982 caede
935 1927 1119 2004 comperta,
1144 1921 1314 1987 ludentem
1334 1925 1373 1988 in

292 2029 416 2114 duplici
455 2029 543 2094 verbi
583 2028 709 2113 μέλλειν
754 2031 993 2116 significatione
1038 2033 1202 2120 (futurum
1232 2057 1297 2101 ease
1335 2044 1374 2100 et

292 2143 460 2228 cunctari),
484 2141 557 2227 quis
581 2143 662 2207 ferre
684 2143 811 2227 possit?
843 2145 977 2210 Atenim
1001 2146 1219 2233 “Euripides,
1237 2149 1271 2213 si
1294 2137 1373 2234 quis

293 2255 401 2320 “alins
432 2259 579 2339 veterum
608 2260 796 2339 poetarum,
831 2257 1024 2344 quandoque
1050 2259 1223 2345 dormitat,
1248 2267 1281 2327 et
1304 2261 1375 2328 sibi

236 2349 240 2360 ¹
293 2369 421 2453 “impar
454 2368 563 2433 modo.
585 2367 706 2433 eximia
735 2368 863 2451 fundit,
888 2371 1047 2436 modoad
1073 2371 1182 2437 futilia
1206 2395 1243 2438 ac
1265 2395 1375 2458 paene

294 2480 452 2547 “dixerim
478 2481 617 2565 puerilia
641 2480 823 2547 delabitur''
842 2483 862 2546 ⁴.

735 2689 902 2702 WWWWle

339 2825 417 2890 Jam
450 2822 597 2906 ostendi,
634 2844 699 2888 11011
731 2846 829 2890 causa
852 2826 1042 2891 destitutam
1067 2828 1149 2892 mihi
1172 2828 1275 2893 videri
1296 2851 1378 2894 sen·
1434 2861 1438 2866 ·

296 2937 433 3003 tantiam
467 2957 565 3021 quam
597 2935 638 3000 de
674 2934 773 3024 λαλιᾷ
807 2937 984 3022 Euripiden
1017 2939 1095 3005 tulit
1123 2941 1374 3025 Aristophanes.

298 3051 362 3117 Sed
385 3056 568 3116 esttamen
591 3071 654 3135 quo
679 3050 869 3135 Euripidem
893 3073 1037 3134 excuses,
1062 3075 1166 3137 neque
1184 3053 1218 3117 id
1229 3053 1378 3119 indicare

297 3164 566 3248 praetermittam,
583 3186 624 3229 ne
637 3164 868 3249 Aristophanis
877 3164 1038 3250 judicium
1051 3166 1216 3251 probando
1228 3167 1378 3252 injustus

296 3277 331 3340 in
354 3298 511 3363 maguum
534 3275 695 3361 tragicum
720 3283 849 3360 poetam
862 3276 1010 3342 extitisse
1029 3277 1147 3343 videar.
1174 3279 1248 3344 Non
1260 3285 1379 3346 auctor

296 3390 384 3454 enim
416 3394 449 3454 et
482 3388 631 3474 inventor
665 3389 833 3454 habendus
871 3395 921 3456 est
956 3390 1051 3456 istius
1080 3391 1180 3456 studii
1204 3393 1377 3477 rhetorici,

330 3623 338 3654 ¹
371 3623 460 3671 Bacch.
477 3637 513 3671 vs.
529 3623 590 3676 367:
610 3625 720 3682 Πενθεὺς
737 3624 757 3672 θ’
776 3623 845 3682 θπως
862 3625 897 3688 μὴ
916 3606 1010 3682 πένθος
1027 3623 1124 3682 εἰςοίσει
1141 3624 1233 3690 δόμοις.

396 3713 459 3762 Ibid.
476 3728 512 3762 vs.
530 3713 590 3762 508:
609 3712 790 3776 ἐνδυστυχῆσαι
808 3710 913 3778 τοῦνομ’
928 3713 1067 3773 ἐπιτήδειος
1085 3717 1114 3764 el.

328 3801 339 3834 ²
372 3804 462 3852 Troad.
479 3817 515 3851 vs.
533 3799 593 3852 9902
611 3804 653 3851 καὶ
670 3801 773 3865 τοῦνομ’
793 3801 872 3865 ὀρθῶς
890 3801 1036 3866 ἀφροσύνης
1054 3805 1124 3868 ἄρχει
1143 3806 1210 3862 θεᾶς.

330 3891 340 3923 ³
374 3892 456 3944 Orest.
472 3906 510 3938 vs.
528 3891 600 3940 1635.

330 3984 340 4014 ‘¹
373 3982 435 4033 Sunt
452 3981 528 4030 verba
544 3981 578 4032 V.
595 3979 634 4031 01.
653 3979 683 4031 G.
700 3980 731 4031 G.
749 3980 828 4030 Cobet
844 3981 907 4029 Var.
925 3979 1007 4030 Ιιεοι.2
1023 3997 1048 4044 p.
1065 3983 1122 4032 563.
1132 4010 1163 4019 -
1175 3981 1380 4037 commemorari

298 4072 337 4122 hic
354 4061 429 4121 etium
445 4078 526 4134 potest
546 4067 615 4120 locus
631 4084 704 4134 quem
722 4083 754 4118 ex
770 4070 877 4125 Theseo,
894 4070 1020 4132 deperdita
1033 4070 1123 4128 sabula,
1134 4082 1258 4122 servatum
1267 4075 1382 4139 legimus

297 4163 362 4226 apud
380 4160 538 4210 Athenaeum
554 4163 580 4210 X
597 4175 654 4224 pag.
672 4160 721 4208 454
737 4159 761 4218 b,
779 4159 821 4208 ubi
838 4168 922 4222 pastor
939 4159 1063 4219 indoctae,
1075 4161 1106 4209 ad
1127 4162 1318 4224 significandum
1333 4182 1381 4216 no-

297 4265 355 4300 men
368 4231 477 4308 Thesei,
495 4252 560 4314 quod
577 4252 629 4315 ipse
645 4249 728 4312 legere
744 4264 794 4298 non
811 4249 905 4312 potuit,
922 4249 1003 4298 verbis
1020 4229 1138 4300 describit
1155 4235 1247 4314 figuras
1264 4253 1384 4318 siugula-

296 4354 352 4388 rum
374 4338 501 4386 literarum
518 4335 557 4397 Θ,
579 4339 615 4399 Η,
634 4337 669 4397 Ο,
686 4337 721 4397 E,
737 4339 774 4397 Y,
792 4337 825 4397 ὓς
842 4338 910 4387 addit
927 4339 1074 4390 Athenaeus
1091 4340 1234 4404 Agathonis
1249 4349 1276 4392 et
1292 4343 1383 4395 Theo-

297 4423 375 4472 dectis
392 4423 417 4470 in
435 4421 564 4472 elementis
581 4435 670 4472 vocum
685 4422 816 4486 pueriliter
832 4422 969 4472 ludentium
987 4439 1067 4487 nugas
1085 4426 1233 4476 consimiles.
