3154 5198
731 375 769 434 17

215 559 406 644 Euripides,
441 559 588 646 quemvis
621 565 730 625 tumen
765 561 1008 628 intellecturum
1037 568 1135 647 puto,
1159 559 1285 628 Aristo·

215 674 374 759 phanem‚
409 693 508 758 quum
533 671 696 758 sophistas
719 673 890 740 infestaret
914 674 1055 740 Socratis
1078 675 1224 758 nomine,
1248 676 1289 739 do

216 785 372 872 Euripide
395 807 521 872 quoque
544 786 722 872 cogitasse3
743 789 799 852 sed
811 808 851 852 ne
867 808 948 871 opus
960 787 1091 873 quidem
1105 787 1288 874 conjectura

214 907 279 978 est;
303 900 473 964 videantur
496 920 606 964 versus
631 901 715 964 1355
739 921 828 984 sqq,
854 899 909 964 ubi
934 899 1101 985 Euripidis
1123 900 1286 982 dramata,

214 1012 332 1098 quibus
356 1011 535 1076 delectatur
552 1011 685 1096 juvenis
706 1011 1289 1100 Phidippides,novaephiiosophiae

215 1125 312 1210 nugis
336 1123 501 1207 imbutus,
526 1130 735 1209 opponuntur
756 1125 910 1210 antiquae
924 1125 1015 1210 poesi
1031 1125 1208 1192 Simonidis
1223 1127 1290 1190 Ae·

215 1237 401 1323 schylique,
426 1257 525 1322 quam
546 1257 645 1300 senex
668 1236 810 1300 rusticus
834 1236 972 1303 adamat.
1013 1238 1108 1304 Alter
1131 1247 1182 1305 est
1200 1240 1289 1305 locus

215 1373 311 1437 quem
335 1373 374 1415 ex
400 1348 550 1414 Nubibus
573 1349 654 1414 citut
678 1348 841 1434 Diogenes
865 1350 1013 1416 La'e'rtius
1038 1351 1162 1416 11:18:

418 1459 589 1549 Εὐριπίδης
612 1459 638 1528 δ’
660 1466 677 1528 ὁ
699 1465 757 1538 τὰς
778 1460 958 1550 τραγῳδίας
978 1469 1079 1530 ποιῶν

415 1579 473 1653 τὰς
495 1577 734 1664 περιλαλούσας
756 1579 851 1653 οὗτός
872 1582 936 1644 ἐστι
958 1581 1016 1655 τὰς
1037 1582 1151 1667 σοφάς·

221 1694 283 1760 Sed
307 1717 408 1780 quum
431 1694 471 1758 de
492 1714 529 1757 eo
553 1693 623 1758 loco
646 1716 687 1758 an
710 1694 754 1758 sit
776 1715 793 1759 e
815 1693 966 1760 Nubibus
990 1695 1176 1779 desumtus,
1197 1702 1229 1760 et
1252 1697 1290 1760 de

216 1807 285 1890 ejus
308 1829 384 1872 vera
405 1807 553 1893 lectione,
577 1831 692 1894 parurn
705 1817 832 1876 constet
845 1813 867 1892 ¹,
883 1811 1022 1877 missurn
1033 1834 1109 1878 eum
1120 1811 1289 1894 faciamus,

216 1919 389 2006 potiusque
410 1944 634 2012 recenseamus
650 1924 737 1989 locos
750 1924 806 1989 ubi
820 1929 952 1988 taxatur
974 1924 1115 1990 Socratis
1129 1923 1288 2008 impietas.

261 2033 389 2098 Passim
423 2034 507 2100 illud
541 2035 690 2121 ἀσεβείας
727 2035 848 2101 crimen
889 2037 1027 2100 occurrit
1058 2058 1115 2121 per
1146 2035 1292 2100 Nubium

216 2147 380 2226 fabulam3
406 2149 452 2216 sic
476 2172 523 2215 va.
549 2152 613 2214 247
641 2150 787 2215 Socrates
811 2149 910 2214 dicit:

417 2276 530 2346 ποῖους
553 2269 644 2345 θεοὺς
665 2273 732 2352 ὀμεῖ
753 2274 805 2340 σύ;
829 2274 957 2357 πρῶτον
979 2271 1042 2356 γὰρ
1065 2265 1127 2334 θεοὶ

417 2378 489 2457 ἡμῖν
510 2375 632 2458 νόμισμ’
655 2376 711 2440 οὐκ
733 2375 807 2440 ἔστι·
874 2421 879 2452 :

216 2490 297 2556 item
321 2512 368 2556 vs.
396 2493 477 2555 367:

418 2609 510 2676 ποῖος
534 2605 623 2676 ’Ζεύς;
648 2603 686 2667 οὐ
707 2605 749 2684 μὴ
772 2602 933 2689 ληρήσεις·
956 2599 1022 2667 οὐδ’
1043 2601 1106 2667 ’ἐστι
1131 2603 1214 2674 Ζεύς·
1312 2647 1315 2653 -

217 2729 364 2774 necnon
386 2730 433 2786 vs.
459 2711 524 2772 424
546 2729 610 2792 sq.:

259 2830 342 2897 ἄλλο
355 2860 386 2898 τι
404 2809 540 2906 δῆτόὖν
558 2839 674 2914 νομιεῖς
688 2828 746 2907 ἤδη
763 2829 836 2896 θεὸν
855 2827 948 2896 οὐδὲν
968 2827 1056 2905 πλὴν
1068 2827 1146 2915 ὅπερ
1157 2829 1254 2910 ἡμεῖς,
1267 2855 1277 2882 ἠ

258 2941 293 3003 τὸ
306 2940 393 3013 Χάος
403 2942 488 3003 τουτὶ
501 2943 548 3003 καὶ
559 2939 616 3016 τᾲς
630 2938 773 3024 Νεφέλας
782 2944 830 3002 καὶ
841 2941 898 3013 τὴν
909 2935 1070 3008 Γλῶττου,
1081 2940 1151 3022 τρῖα
1162 2935 1248 2996 ταυτί
1255 2949 1263 3001 ;

218 3054 331 3140 Neque
353 3053 418 3118 alia
440 3052 480 3116 de
507 3073 605 3117 causa
631 3051 778 3118 Socrates
801 3057 933 3117 vocatur
956 3054 974 3114 ὁ
997 3047 1124 3124 Μήλιος
1147 3066 1192 3110 vs.
1216 3045 1293 3124 830,

217 3189 320 3253 quum
354 3186 462 3231 revera
494 3163 627 3230 Atticus
659 3169 761 3245 esset,
793 3162 858 3228 nisi
889 3161 967 3248 quia
995 3158 1172 3242 Diagoras,
1198 3163 1294 3220 notus

219 3281 351 3362 atheus,
377 3277 464 3343 Melo
487 3283 555 3341 erat
579 3275 743 3341 oriundus.

217 3472 351 3535 Leguntnr
375 3469 400 3517 hi
426 3483 511 3518 versus
537 3467 562 3515 in
588 3466 665 3517 Vitae
691 3466 819 3530 Euripidis
842 3465 925 3524 initio,
943 3466 964 3514 si
982 3473 1048 3515 recte
1065 3464 1145 3512 locum
1162 3461 1198 3511 ita
1214 3473 1295 3509 emen·

217 3561 288 3609 davit
303 3559 333 3610 G.
351 3556 505 3615 Diodorfrus,
523 3565 549 3605 et
566 3557 642 3620 Diog.
659 3556 742 3606 Lairt.
759 3556 836 3606 Vitae
854 3555 922 3606 Socr.
940 3555 1003 3612 inita
1017 3555 1057 3605 vd.
1068 3551 1184 3603 Dindorf.
1196 3549 1296 3600 adAri·

220 3650 303 3714 steph.
321 3649 410 3714 fragm.
428 3662 485 3711 pag.
502 3648 548 3696 dil
568 3647 606 3697 ed.
624 3646 707 3698 Oxou.

253 3738 330 3802 Apud
347 3723 486 3800 Diogenem
502 3735 631 3784 Laertium
649 3733 741 3784 ibidem
757 3733 887 3796 Euripidis
904 3731 1048 3798 tragoediae
1066 3731 1182 3780 dicuntur
1199 3747 1298 3794 corpa-

219 3829 350 3893 τὸγομφοι.

256 3917 263 3949 ¹
297 3917 383 3978 Quum
409 3917 436 3965 in
460 3914 570 3965 Nubium
592 3915 737 3964 recensione
754 3928 828 3977 qnam
845 3912 966 3962 habemus
983 3925 1033 3960 uon
1050 3910 1149 3974 legatur
1165 3907 1212 3957 hoc
1228 3906 1298 3956 disti·

218 4008 297 4066 chon,
322 4005 505 4055 Valckenarius
521 4006 603 4054 Diatr.
620 4018 675 4072 cap.
691 4005 708 4052 2
725 4018 783 4067 pag.
803 4005 833 4051 14
849 4001 964 4065 opinatus
981 4007 1031 4057 est,
1048 3998 1175 4049 exaltare
1189 3996 1298 4046 editione

220 4111 275 4144 esse
295 4096 449 4154 desumtum,
471 4094 549 4144 simul
565 4096 699 4144 emendans
717 4093 870 4156 Εὐριπίδου,
889 4098 917 4139 ut
933 4091 964 4140 de
981 4090 1083 4141 Socrate
1099 4089 1204 4138 dicatur.
1237 4087 1300 4145 Atii,

220 4186 285 4235 nihil
309 4195 445 4243 mutantes.
470 4187 528 4236 inde
552 4184 663 4234 efficiunt
687 4182 835 4246 Euripidem
860 4181 1006 4245 apparuisse
1030 4180 1057 4229 iu
1081 4177 1165 4243 priore
1187 4178 1299 4228 Nubium

221 4276 381 4336 recensione;
406 4275 478 4325 multi
503 4275 608 4338 denique
633 4273 716 4322 locum
741 4271 811 4320 illum
837 4285 851 4319 e
876 4270 990 4321 Nubibus
1012 4269 1118 4334 petitum
1134 4281 1188 4318 esse
1206 4276 1300 4330 negant

220 4351 274 4428 (ud.
290 4367 426 4416 Hermann.
443 4365 537 4430 proleg.
553 4365 585 4413 ad
602 4363 701 4421 Nubes,
718 4377 775 4426 pag.
793 4361 860 4410 XIX
877 4361 914 4410 ed.
933 4360 1047 4420 alterius;
1066 4359 1139 4409 Kock
1150 4357 1299 4419 Einleitung

221 4457 254 4503 ud
272 4457 374 4504 eandem
391 4454 512 4513 fabulam,
529 4469 585 4518 pag.
601 4453 651 4517 36).
754 4493 756 4496 .

1144 4542 1163 4602 2
