3150 5194
672 377 730 438 101

162 543 303 644 quornm
337 558 476 624 alterum
511 559 604 625 alteri
628 564 697 625 tam
720 560 829 625 simile
852 581 948 646 quam
974 581 1071 626 ovum
1099 568 1149 627 est
1171 583 1239 628 ovo.

163 671 332 754 Historia,
365 672 418 737 oui
449 671 562 737 fabula
585 677 635 738 est
658 678 897 758 superstructa,
922 695 1050 740 necesse
1074 681 1124 740 est
1148 673 1241 738 nobis
1283 753 1288 762 ⁵

161 807 261 870 quam
285 785 428 870 primum
452 785 645 868 innotescat,
667 807 770 872 neque
785 808 930 872 repugno
946 786 1119 871 quominus
1130 786 1242 852 futura

160 919 290 983 quoque
312 899 603 984 praenunciantur,
628 921 692 985 quo
715 899 819 984 major
846 900 905 966 fiat
928 901 1039 965 horror
1061 908 1119 965 aut
1142 900 1240 964 r'nise·

160 1009 245 1074 ratio
273 1010 343 1095 jam
376 1032 433 1096 per
466 1011 605 1096 priorem
639 1011 768 1076 fabulae
796 1021 941 1096 partem:
966 1013 1045 1097 (etsi
1068 1013 1102 1076 in
1126 1012 1185 1077 illa
1206 1035 1240 1078 re

160 1130 286 1188 certum
321 1125 482 1210 quendam
514 1125 647 1190 modum
682 1126 802 1190 servari
820 1119 951 1208 uelim,
980 1148 1055 1192 cum
1077 1130 1240 1192 caeterum

161 1257 311 1302 revocare
345 1237 379 1300 in
413 1244 556 1302 mentem
587 1238 718 1303 lectoris
746 1236 828 1302 mihi
850 1236 947 1303 liceat
969 1258 1051 1324 quae
1074 1239 1115 1304 de
1138 1239 1240 1305 nimia

160 1349 216 1434 vi,
243 1370 341 1434 quam
363 1349 450 1434 apud
475 1349 664 1434 Euripidem
687 1348 734 1412 dii
757 1355 907 1441 exercent
929 1349 963 1413 in
987 1370 1036 1415 res
1059 1340 1239 1434 humanae,

162 1464 234 1529 dixi
265 1485 363 1549 supra
393 1485 468 1549 pag.
504 1467 546 1529 29
571 1465 679 1550 sqq.);
706 1463 762 1528 sed
779 1463 954 1549 permagni
977 1463 1075 1530 refert
1097 1487 1161 1551 qua
1186 1467 1241 1530 via

163 1578 221 1643 ille
245 1598 361 1662 scopus
384 1576 573 1662 attingatur.
599 1577 638 1642 In
663 1576 839 1662 Euripides
858 1577 1239 1664 scenastatimdepresso
1315 1603 1316 1606 ¹

164 1691 279 1756 aulaeo
312 1689 458 1775 procedit
489 1690 621 1755 heroine
643 1689 801 1776 quaedam
818 1689 840 1773 ¹,
864 1690 997 1776 longam
1020 1691 1240 1778 monologiam

165 1805 395 1881 decantatura3
421 1806 537 1868 cuncta
560 1802 600 1868 dc
622 1825 656 1868 se
680 1802 812 1887 suisque
834 1810 945 1868 exacte
956 1803 1091 1890 fuseque
1101 1809 1239 1886 enarrat,

165 1916 248 1982 citra
269 1937 399 1981 omnem
423 1921 532 1981 tamen
557 1915 659 1980 animi
681 1913 853 1979 affectum:
878 1914 997 1980 dixeris
1021 1917 1156 1982 eam'ex
1182 1940 1240 1983 an·

165 2028 297 2093 nalibus
327 2029 489 2114 pagellam
520 2028 721 2115 praelegere,
755 2028 835 2093 adeo
866 2029 1065 2094 examussim
1089 2029 1243 2096 describit

143 2137 310 2207 'stemma
347 2162 443 2207 suum
457 2143 482 2225 ³,
519 2163 539 2206 a
569 2140 705 2205 Tantalo
729 2139 892 2206 Oadmove
915 2161 1037 2206 exorsa
1064 2141 1145 2222 Quis
1168 2164 1242 2208 vero

168 2276 271 2342 aequa
302 2258 411 2319 mente
443 2253 554 2318 audiat
587 2253 762 2335 Jocasmn,
799 2253 877 2317 dum
910 2253 1066 2336 summis,
1101 2259 1139 2320 ut
1171 2233 1251 2342 ipsa

168 2374 326 2448 testatur,
365 2365 605 2432 calamitatibus
639 2383 793 2449 oppressa
835 2365 982 2431 enucleat
1018 2368 1243 2454 genealogiam

170 2478 449 2547 Labdacidarum?
472 2479 541 2543 Aut
560 2473 720 2563 quomodo
740 2478 809 2543 fieri
827 2478 947 2563 poterit
965 2485 1090 2545 utmox
1101 2482 1243 2548 multum

171 2603 344 2678 tangamur
367 2591 555 2657 infortuniis
581 2592 731 2657 heroinae
753 2591 846 2675 cujus,
870 2597 938 2656 tam
961 2593 1046 2658 male
1060 2601 1244 2680 pertaesum

124 2769 127 2776 ,
171 2705 215 2770 sit
245 2703 341 2769 initio
374 2703 550 2770 dramatis?
586 2704 765 2788 Aliquanto
798 2704 902 2769 levius
929 2711 979 2770 est
1002 2706 1244 2772 incommodum

171 2819 227 2884 ubi
250 2819 330 2883 deus
349 2817 580 2901 praefationem
607 2818 802 2902 pronunciat
812 2825 836 2899 ³,
852 2824 893 2898 ¹et
916 2818 1103 2903 hujusmodi
1118 2819 1244 2905 prologi

172 2938 249 2998 sunt
272 2931 389 3016 quibus
412 2930 550 2996 tutelam
573 2935 717 3016 praestat
741 2931 940 3016 Lessingins.
968 2931 1140 2997 Minimam
1163 2931 1244 2996 mihi

205 3190 214 3221 ¹
230 3189 343 3240 Feminis
358 3189 398 3238 hic
414 3203 513 3252 quoqne
530 3203 603 3252 saepe
620 3187 713 3251 primus
729 3188 795 3238 cedit
810 3187 891 3246 locus,
912 3201 961 3236 non
978 3187 1029 3236 sine
1046 3167 1142 3247 omine,
1165 3189 1184 3237 ai
1209 3204 1246 3239 re-

171 3278 246 3342 spicis
262 3293 366 3342 magnas
382 3286 466 3341 partes
482 3292 542 3341 quas
558 3276 650 3340 passim
670 3284 748 3340 agunt
764 3276 791 3324 in
807 3275 896 3324 fabulis
912 3275 1060 3339 Euripidcis.

205 3369 236 3418 In
253 3367 341 3417 Oreste
357 3365 489 3430 prologum
504 3365 593 3415 recitat
608 3365 723 3424 Electra,
740 3365 841 3416 Jocastc
858 3366 884 3413 in
899 3365 1053 3424 Phoenissis,
1064 3365 1249 3425 Andromache,

174 3456 307 3521 Iphigenia
322 3465 346 3506 et
362 3456 460 3505 Helena
476 3456 501 3505 in
518 3455 608 3504 fabulis
624 3453 818 3518 cognominibus.
1082 3519 1085 3524 Ι

206 3547 217 3580 ²
235 3550 325 3600 Jocose
345 3547 438 3598 imitari
461 3547 558 3597 videtur
576 3546 757 3609 Aristophanes
778 3546 894 3595 Achaim
907 3553 942 3596 as.
960 3547 992 3598 47
1009 3559 1060 3610 sqq.
1078 3573 1109 3582 —
1126 3545 1160 3593 In
1173 3546 1250 3596 Rauis

174 3654 211 3688 vs.
226 3640 275 3692 937
292 3651 345 3701 sqq.
361 3636 496 3700 Euripides
513 3649 584 3684 suam
600 3635 741 3699 tragoedias
756 3633 862 3683 faciendi
879 3634 1000 3683 rationem
1015 3634 1250 3697 describens,jactat

175 3743 216 3778 eas
240 3740 366 3790 nunquam
390 3724 499 3773 carnisse
520 3722 637 3782 exordio,
659 3725 701 3772 aed
722 3723 831 3787 primum
847 3735 970 3785 quemque
986 3731 1095 3772 actorem
1109 3723 1158 3771 rite
1174 3736 1250 3785 expo·

176 3817 253 3866 saissa
278 3815 309 3863 de
334 3820 421 3877 gente,
442 3811 512 3875 cnjus
533 3813 560 3860 in
580 3812 692 3860 dramate
708 3810 841 3875 primariae
858 3819 940 3860 essent
955 3817 1045 3882 partes.
1078 3810 1150 3872 Quae
1165 3812 1250 3874 procul

176 3905 252 3954 dubio
269 3931 301 3940 -
317 3902 436 3953 malitiose
452 3902 585 3964 respondet
601 3899 742 3963 Aeschylus
757 3925 789 3936 -
806 3901 848 3947 tna
863 3909 917 3947 crat
933 3899 1012 3948 multo
1028 3898 1123 3949 melior.

209 3992 376 4057 ³Aphrodite
399 3991 425 4040 in
445 3990 595 4055 Hippolyto,
616 3989 730 4039 Bacchus
746 3988 773 4036 in
789 3987 905 4046 Bacchis,
922 3987 950 4036 in
964 3988 1054 4037 Troasi
1071 3987 1207 4048 Poseidon,
1222 3989 1250 4037 in

178 4084 238 4134 Ione
253 4083 371 4141 Hermas,
388 4081 481 4144 Apollo
496 4080 522 4128 in
538 4079 677 4138 Alcestida
693 4078 764 4143 cnjus
779 4076 896 4140 prologus
913 4093 930 4126 a
945 4077 1054 4129 Goethio
1066 4085 1169 4128 vocatur
1180 4092 1250 4140 prae-
1329 4096 1332 4101 ·

177 4172 257 4222 clerae
273 4173 334 4221 artis
351 4171 483 4234 specimen,
501 4169 561 4231 (vid.
578 4169 632 4232 ejus
654 4169 753 4225 Odtter,
771 4167 874 4215 Haldcu
889 4168 945 4217 aad
967 4169 1092 4227 Wiclocd,
1109 4167 1152 4216 ubi
1169 4175 1251 4218 tamon

180 4279 209 4313 eo
230 4264 333 4313 consilio
350 4263 448 4312 videtur
464 4263 599 4324 impensius
615 4261 716 4309 laudare
733 4259 895 4322 Euripideum
911 4250 1031 4316 fabulam,
1049 4271 1109 4320 quo,
1126 4271 1252 4321 compara-

130 4411 133 4418 ,
181 4355 245 4404 tione
262 4355 390 4412 instituta,
408 4353 432 4400 in
455 4354 574 4415 majorem
596 4357 746 4400 contemtum
766 4348 870 4397 adducat
887 4347 1012 4397 Wiolandi
1035 4348 1120 4397 drama
1141 4346 1252 4408 ejusdem

182 4445 304 4507 nominis).
1087 4439 1088 4442 ’
