3154 5198
727 400 768 461 27

212 584 289 647 Tam
310 583 465 649 iracunda
488 589 620 668 apparet
645 583 752 664 Juno,
770 590 807 647 ut
832 584 903 669 ipsa
919 587 1048 654 Λΰσσο,
1062 583 1095 648 in
1110 583 1282 649 Herculem

212 697 377 784 immissa,
415 696 543 760 horreat
576 696 647 760 dira·
679 696 747 781 ejus
775 697 929 761 mandata
956 704 989 762 et
1013 697 1125 782 regina
1147 696 1227 762 coeli
1251 721 1285 762 se

212 811 375 876 mitiorem
399 808 559 875 ostendat
601 808 687 888 Quid
714 830 787 874 vero
809 808 960 875 audimus
984 809 1159 875 Herculem
1173 810 1285 875 dicen-

213 929 299 1006 tem,
338 930 511 1009 postquam
547 945 564 986 e
596 921 689 987 fatali
722 921 828 986 furore
860 923 901 986 ud
925 923 1099 988 sanitatem
1126 943 1283 1004 reversuS,

180 1099 182 1103 .
213 1036 310 1122 longa
324 1037 469 1102 oratione
481 1035 612 1100 deflevit
622 1056 705 1120 quae
716 1033 862 1099 ediderat
873 1034 1001 1100 funera?
1011 1034 1074 1117 (vs.
1089 1036 1284 1120 1341sqq.):

375 1176 436 1260 ἐγὼ
459 1171 490 1240 δὲ
512 1177 586 1249 τοὺς
609 1172 700 1247 θεοὺς
722 1170 791 1237 οὔτε
815 1172 915 1258 λέκτρ’
937 1171 955 1237 ἃ
977 1173 1018 1248 μὴ
1042 1170 1125 1254 θέμις

375 1281 514 1364 στέργειν
538 1277 671 1361 νομίζω,
695 1273 790 1361 δεσμά
812 1279 838 1341 τ’
861 1275 1000 1351 ἐξάπτειν
1023 1286 1131 1365 χεροῖν

376 1381 439 1448 οὔτ’
462 1381 581 1459 ἠξίωσα
603 1383 723 1448 πώποτ’
747 1383 815 1448 οὔτε
838 1388 999 1465 πείσομαι,

376 1483 442 1554 οὐδ’
464 1487 568 1553 ἄλλον
589 1487 693 1553 ἄλλον
715 1485 869 1562 δεσπότην
888 1490 1061 1574 πεφυκέναι·

376 1590 469 1658 δεῖται
489 1595 553 1680 γὰρ
575 1599 593 1659 ὁ
616 1593 706 1669 θεός,
729 1594 811 1681 εἴπερ
833 1593 894 1657 ’ἐστ’
915 1593 1017 1666 ὄντως
1039 1590 1124 1666 θεός,

377 1694 515 1774 οὐδενός·
540 1694 657 1762 ἀοιδῶν
679 1694 742 1763 οἵδε
765 1696 914 1772 δύστηνοι
935 1698 1040 1781 λόγοι.

215 1825 317 1909 Atqui
361 1825 406 1889 sio
451 1825 540 1910 loqui
574 1848 638 1890 non
674 1833 782 1910 potest
819 1825 994 1906 Hercules,
1038 1823 1167 1909 saepius
1207 1825 1286 1888 iram

214 1936 356 2002 Junonis
385 1943 535 2022 expertus
570 1949 602 2002 et
638 1960 724 2003 nunc
750 1937 871 2002 recenti
894 1936 1022 2021 piaculo
1046 1959 1102 2023 per
1123 1937 1192 2022 ejus
1215 1938 1286 2001 vin-

215 2051 336 2115 dictam
360 2051 552 2134 obstrictus,
580 2045 634 2118 sed
649 2053 836 2118 verbasunt
848 2051 950 2134 ipsius
963 2059 1078 2136 poetae
1090 2049 1286 2136 philosophi,

216 2186 311 2248 quern
332 2165 411 2228 dum
435 2165 468 2227 in
492 2160 619 2238 ἀοιδοὺς
643 2160 817 2239 δυστήνους
834 2161 998 2227 invehitur
1013 2163 1076 2227 sibi
1089 2161 1153 2246 ipsi
1165 2167 1287 2227 storna-

216 2278 304 2342 chari
329 2275 448 2342 dixeris
477 2276 563 2361 quod
581 2275 651 2361 jam
676 2298 732 2362 per
751 2284 802 2341 tot
824 2297 935 2341 versus
959 2276 1142 2359 improbum
1168 2296 1287 2340 numen

216 2390 418 2475 depinxerit,
440 2412 513 2456 curn
538 2412 612 2454 vera
636 2389 705 2473 ejus
728 2388 892 2455 sententia
913 2389 1114 2473 exprimatur
1136 2388 1196 2453 hoc
1213 2387 1287 2472 pul-

215 2504 290 2569 chro
313 2504 489 2570 versiculo:

382 2647 404 2707 εἷ
425 2641 489 2708 θεοί
507 2670 535 2707 τι
558 2640 674 2728 δρῶσιν
697 2648 841 2730 αἰσχρόν,
861 2648 917 2710 οὐκ
937 2647 1014 2710 εἰσὶν
1037 2643 1102 2709 θεοί
1114 2645 1134 2701 ¹·

218 2773 282 2840 Sed
315 2772 424 2858 opinio
450 2771 527 2854 illa,
552 2794 649 2858 quam
670 2773 743 2858 quis
766 2779 864 2859 neget
887 2795 994 2838 veram
1023 2780 1056 2839 et
1078 2773 1175 2858 longe
1197 2766 1289 2857 prae·

217 2886 407 2953 stantiorem
441 2907 510 2950 esse
542 2886 656 2969 mytho
677 2885 820 2952 lunonis
847 2887 1052 2972 implacabile
1075 2886 1186 2951 odium
1208 2886 1289 2952 refe-

216 3005 327 3083 rente',
352 2998 455 3083 ipsius
479 2998 637 3064 dramatis
662 2999 815 3064 materiae
836 3007 870 3064 et
891 3005 1070 3065 structurae
1091 2999 1287 3064 adversatur.

219 3113 255 3179 Si
283 3112 329 3177 dii
364 3132 427 3175 non
466 3117 544 3176 sunt
581 3110 740 3194 adulteri,
769 3112 925 3178 Hercules
950 3133 990 3177 ex
1014 3112 1107 3176 Jovis
1132 3110 1290 3175 adulterio

218 3248 276 3291 nec
310 3226 400 3292 nasei
433 3223 542 3309 potuit
575 3245 633 3290 nec
667 3225 793 3290 Junoni
827 3247 864 3290 eo
899 3224 1030 3290 nornine
1056 3224 1180 3288 invisus
1202 3245 1288 3288 esse:

218 3361 258 3402 en
281 3339 389 3423 ipsum
411 3339 496 3424 perit
510 3344 741 3425 argumentum
756 3339 940 3424 tragoediae
952 3360 1051 3425 quam
1064 3339 1117 3423 agi
1130 3337 1287 3402 videmus.

220 3453 307 3518 Scire
330 3453 449 3536 velim,
475 3453 553 3539 quid
575 3452 657 3518 talia
677 3452 847 3550 audientes
878 3453 941 3518 sibi
964 3452 1139 3537 cogitarint
1165 3461 1290 3548 specta-

218 3575 324 3649 tores,
350 3588 430 3652 quos
453 3566 515 3631 nisi
532 3565 738 3641 κολοκύνταις
760 3564 928 3648 λημῶντας
941 3564 1289 3647 necessefuitsentire,

218 3704 237 3743 a
259 3679 401 3765 bilingui
424 3687 519 3764 poeta
546 3679 607 3745 sibi
633 3679 728 3744 verba
753 3679 831 3743 dari.

263 3889 290 3893 .—
299 3889 450 3896 ——...—-.-

253 4015 259 4045 ¹
295 4014 365 4065 Stob.
386 4016 439 4071 100,
457 4017 472 4064 t
491 4014 590 4076 (fragm.
609 4015 659 4063 300
675 4013 776 4076 Wagn‚
795 4015 844 4064 294
858 4013 923 4062 Dind
935 4015 951 4076 ).
962 4015 984 4062 Ε
994 4013 1187 4076 Bellerophonte
1196 4014 1291 4062 desum·

219 4112 258 4151 tus
275 4114 312 4151 est
329 4117 425 4161 versus,
442 4117 516 4166 quern
533 4103 609 4152 etiam
626 4101 775 4152 Plutarchus
793 4113 818 4151 et
834 4103 852 4152 J
856 4103 951 4151 ustinus
968 4101 1081 4152 afferunt.

251 4191 345 4241 Confer
361 4193 436 4241 etiarn
453 4206 467 4241 o
485 4191 629 4240 Peliadibns
645 4191 711 4239 hune
727 4189 809 4239 locum
827 4190 928 4254 (fragm.
946 4191 996 4240 600
1012 4191 1113 4254 Wagn,
1130 4193 1179 4240 609
1197 4191 1291 4253 Dinon:

411 4281 456 4345 οὐκ
472 4281 525 4328 ἔστι
543 4279 575 4328 τὰ
592 4281 657 4328 θεῶν,
672 4271 742 4337 ἄδικ’,
760 4281 787 4329 ἐν
804 4279 960 4343 ἀνθρώποισι
978 4279 1001 4328 di

412 4374 499 4426 κακοῖς
516 4371 642 4418 νοσοῦντα
659 4370 782 4433 σύγχυσιν
800 4370 901 4429 πολλὴν
917 4371 975 4433 ἔχει.

219 4468 244 4508 ct
261 4460 374 4522 Iphigen.
393 4460 469 4508 Taur.
488 4474 523 4506 vs.
541 4461 587 4508 391
606 4459 631 4507 in
650 4459 808 4508 annotatione
825 4460 908 4521 prima
924 4459 1048 4522 sequentis
1065 4459 1175 4521 paginae.
