3180 5196
745 406 806 466 135

257 590 340 655 ltld.
360 608 402 650 vs.
424 593 481 650 721
495 606 539 666 sq.
561 586 687 648 Hermes
702 587 745 647 sic
761 587 800 648 ad
815 587 996 666 Eygaeum,
1014 589 1065 666 qui
1077 591 1192 667 quaerit
1205 611 1299 652 scara-

211 685 321 746 baeum
341 703 441 756 sunm,
464 701 523 762 quo
543 681 703 742 reducatur
722 683 755 741 in
776 688 897 742 terrem:

256 781 357 848 Herm,
373 781 430 844 οὐκ
451 774 564 852 ἐνθάδ’,
585 777 609 840 ὧ
627 782 700 849 πᾶν,
723 777 797 842 ἔστι·
822 777 909 854 Tryff·
931 787 986 842 ποῖ
1006 780 1069 865 γὰρ
1093 780 1227 867 οῖχεται;

255 877 355 935 Herm.
372 874 422 960 ὑφ’
444 874 554 961 ἅρματ’
573 871 677 940 ἐλθὼν
700 876 801 948 Ζηνὸς
824 874 1071 960 ἀστραπηφορεῖ·

257 970 453 1032 Posteriorem
484 986 602 1028 versum
623 986 659 1028 ex
681 967 910 1046 Bellerophonte
932 972 1065 1027 sumtum
1086 987 1149 1029 esse
1171 975 1299 1030 testatur

214 1067 358 1129 scholion.

824 1233 829 1244 .
949 1159 1061 1222 (Fregm.
1081 1161 1129 1210 ³14
1145 1160 1233 1224 Dind.)

229 1279 232 1284 ¹
257 1316 372 1378 svium
395 1333 436 1375 vs.
460 1317 531 1375 348:

375 1416 423 1475 καὶ
447 1408 555 1476 δοῦναι
577 1409 691 1497 ῥύγχει
714 1409 855 1498 φορβάν·

258 1505 340 1566 Haeo
366 1505 569 1586 Asclepiades,
598 1505 757 1566 scholiasta
782 1511 872 1578 testo,
895 1505 1040 1565 referebat
1061 1505 1099 1566 ad
1119 1507 1299 1568 versiculum
1385 1503 1388 1510 ’

216 1601 251 1661 in
272 1600 426 1681 Euripidis
446 1599 651 1674 Andromeda,
673 1601 775 1661 fabula
796 1606 895 1660 tamen
916 1597 1040 1684 μηδέπω
1057 1591 1257 1688 ’διδαχθείπρι

376 1693 505 1762 ἐκθεῖναι
527 1700 607 1772 κήτει
630 1695 771 1784 φορβάν·

215 1793 276 1868 Qui
297 1810 399 1852 versus
420 1791 521 1870 potius
542 1791 580 1851 ad
601 1790 781 1870 Thesmoph.
802 1810 845 1852 vs.
869 1793 946 1852 1033
968 1789 1135 1852 landandus
1156 1797 1228 1851 erat.

588 1887 658 1948 (vid.
675 1887 752 1936 Dind.
769 1888 866 1951 proleg.
883 1887 915 1936 ad
932 1885 1022 1951 fragm.
1040 1887 1233 1948 Andromedae.)

258 2053 340 2119 lbid.
361 2073 404 2113 νε.
426 2058 498 2113 829:

376 2154 445 2224 πῶς
467 2147 525 2213 οὖν
547 2149 585 2214 ἴτ’
607 2148 645 2215 ἂν
665 2149 779 2235 γένοιτ’
802 2149 840 2214 ἂν
859 2148 1004 2222 εὔτακτος
1026 2147 1140 2223 πόλις,

156 2320 160 2326 ¹
378 2247 460 2308 ὅπου
482 2247 540 2308 κτὲ·

257 2337 341 2396 Oonf.
363 2336 498 2416 Euripid.
521 2336 622 2416 Suppl.
643 2356 685 2398 vs.
707 2342 779 2398 447:

378 2438 447 2508 πῶς
469 2431 526 2498 οὖν
548 2431 587 2497 ἔτ’
611 2431 649 2496 ἂν
667 2433 780 2518 γένοιτ’
803 2431 841 2496 ἂν
863 2429 1010 2505 εὔτακτος
1032 2429 1142 2506 πόλις,

379 2530 457 2593 ὅταν
479 2556 527 2602 τις
549 2530 608 2592 κτὲ·

257 2730 340 2795 itit.
371 2750 413 2791 vs.
443 2735 519 2790 1230
542 2729 600 2789 Iris
622 2728 695 2788 dicit
716 2749 746 2790 se
767 2729 904 2789 devolare
925 2731 957 2790 in
978 2735 1088 2790 terram
1109 2736 1144 2790 ut
1163 2730 1299 2792 homines

215 2826 350 2886 hortetur
371 2844 453 2887 sacra
472 2825 547 2884 ferre
626 2898 631 2908 ,

376 2921 595 3008 μηλοσφαγεῖν
617 2948 648 2984 τε
668 2917 845 3006 βουθύτοις
865 2921 912 2984 ἐπ’
934 2920 1085 3008 ἐσχάραις

379 3019 490 3083 κνισᾶν
509 3016 535 3078 τ’
557 3014 681 3101 άγυιάς·

257 3113 334 3175 (lum
369 3114 425 3173 hoc
455 3113 520 3173 loco
551 3110 760 3172 conferendum
791 3117 836 3171 est
867 3110 1063 3190 Euripideum
1097 3111 1299 3188 fragmentum

216 3209 292 3286 (630
314 3209 431 3287 Dind.):

376 3303 576 3391 μηλοσφαγεῖ
599 3332 630 3368 τε
652 3299 809 3385 δαιμόνων
834 3304 881 3367 ἐπ’
904 3304 1065 3390 ἐσχάραις·

217 3399 280 3460 Nec
311 3398 373 3459 veri
403 3397 547 3458 dissimile
582 3404 627 3457 est
656 3395 736 3475 qnod
766 3396 921 3457 Nauckius
953 3396 1092 3474 conjicit,
1126 3394 1299 3474 Euripidem

217 3494 366 3555 addidisse
387 3500 477 3580 κνισᾷ
498 3496 523 3558 τ’
546 3493 669 3579 ἀγυιάς·

260 3696 343 3760 ltin.
365 3715 408 3758 vs.
432 3699 508 3759 1238
531 3715 593 3777 sqq.
615 3698 673 3758 ista
694 3697 784 3758 Iridis
804 3699 894 3758 verba
915 3700 1066 3776 leguntur:

386 3796 410 3856 ὦ
433 3798 516 3880 μῶρε
539 3798 637 3881 μῶρε,
656 3796 698 3875 μὴ
718 3792 797 3858 θεῶν
820 3791 895 3860 κίνει
917 3799 1032 3882 φρένας

382 3885 502 3963 δεινάς,
526 3893 613 3963 ὅπως
634 3891 676 3970 μά
698 3915 758 3953 σου
780 3892 875 3973 γένος
896 3886 1104 3976 πανώλεθρον

384 3986 462 4058 Διὸς
483 3984 622 4070 μακέλλῃ
642 3987 705 4049 πᾶν
728 3983 907 4072 ἀναστρέφῃ
931 3987 1024 4057 Δίκη,

383 4078 497 4164 λιγνὺς
520 4076 551 4145 δὲ
572 4083 659 4160 σῶμα
682 4084 729 4142 καὶ
753 4075 858 4160 δόμων
884 4078 1079 4165 περιπτυχὰς

382 4174 600 4260 καταιθαλώσῃ
622 4201 681 4239 σου
704 4178 884 4254 Λικυμνίαις
905 4170 1037 4257 βολαῖς·

264 4269 323 4329 Hie
353 4275 601 4330 commemoratur
627 4268 800 4347 Licymnius
821 4268 973 4347 Euripidis
994 4268 1162 4347 tragoedia,
1180 4269 1221 4338 sle
1242 4288 1301 4347 que

222 4374 323 4424 tamen
354 4365 403 4425 vix
431 4365 589 4444 quicquam
610 4371 714 4426 notum
737 4369 791 4424 est.
813 4364 922 4425 Versus
943 4383 1017 4444 quos
1038 4365 1178 4445 exscripsi
1200 4384 1301 4426 omnes

222 4460 321 4520 nescio
343 4459 415 4538 quid
436 4460 540 4539 tragici
563 4461 689 4540 spirant,
712 4465 746 4521 ut
767 4478 859 4538 paene
880 4460 979 4520 credas
1000 4479 1062 4521 esse
1084 4459 1268 4541 Euripideos.
