3180 5196
717 426 798 441 —

249 583 309 642 64,
333 581 379 630 dur
405 580 564 642 tragaedias,
587 592 676 640 parum
697 580 810 641 tragicas
826 586 923 641 tamen,
941 583 1070 644 scripserit

331 669 477 731 Euripides,
494 683 552 732 pag.
569 669 676 718 34-38.

363 757 451 820 Inepta
474 755 611 820 explicatio
628 771 688 820 pag.
703 757 743 806 34.
761 757 908 819 Euripidem
925 759 1070 808 necessitate

332 850 436 912 quadem
448 853 561 896 eoactum
575 860 602 895 se
613 847 744 896 contulisse
752 849 783 896 ed
791 863 853 911 opus
861 849 982 912 tragicum
992 865 1015 912 p.
1024 852 1071 909 34;

330 938 382 1002 ejus
405 940 518 990 dramata
534 937 617 985 vicina
633 951 687 986 esse
703 939 844 988 comoediae
860 953 939 988 norae
955 955 1012 1004 pag.
1030 942 1070 997 36,

330 1038 358 1077 ut
373 1026 510 1076 ostenditur
527 1041 560 1075 ex
576 1025 637 1074 Ione
654 1041 710 1088 pag.
727 1028 760 1076 36
776 1039 828 1090 sqq.

217 1171 368 1236 CAPUT
392 1172 455 1236 HI.
504 1170 678 1255 Euripides
705 1172 937 1258 πολυμήχανος
945 1221 1042 1238 .....
1051 1197 1124 1258 pag.
1141 1179 1288 1242 39—51.

249 1301 263 1361 §
282 1301 307 1347 1,
331 1299 504 1360 Aristophanis
520 1298 571 1347 loei
585 1301 634 1348 hue
649 1300 820 1362 pertinentes,
836 1314 892 1363 pag.
909 1301 1016 1352 ert-43.

360 1387 416 1436 Hoe
431 1386 558 1451 Euripidis
576 1389 666 1437 vitium
682 1388 748 1437 unde
766 1388 868 1438 fluxerit
882 1404 941 1453 pag.
956 1390 1001 1448 39;
1016 1406 1068 1442 see·
1134 1397 1140 1409 “

329 1477 383 1541 pins
399 1477 429 1525 ab
446 1476 616 1540 Aristophane
637 1461 748 1527 derisum
764 1492 820 1541 pag.
838 1479 871 1528 39
888 1493 938 1541 sq,
958 1494 1068 1543 praeser-

330 1567 375 1616 tim
392 1568 418 1615 in
434 1567 695 1631 Thesmophoriaausis
712 1583 769 1632 pag.
787 1569 820 1618 40
835 1582 888 1632 sqq.

248 1657 262 1717 §
277 1658 306 1705 2.
329 1657 364 1706 De
380 1658 485 1708 erimine
500 1658 651 1708 inventionis
666 1659 741 1707 nimis
757 1659 910 1720 multiplicis,
922 1673 946 1721 p.
961 1660 1067 1712 43-47.

248 1730 251 1734 ⁵
361 1746 413 1797 Cur
437 1749 519 1796 unitas
544 1747 570 1794 in
596 1755 648 1796 arte
667 1746 700 1795 sit
722 1746 863 1796 necessaria
879 1761 935 1810 pag.
953 1749 986 1797 te
1002 1762 1065 1811 sqq,

327 1836 475 1885 nominatim
491 1836 517 1884 in
532 1836 661 1899 tragoedia
677 1851 734 1900 pag.
751 1837 796 1892 tta
813 1836 837 1884 id
853 1836 1066 1899 Euripidem-non

327 1940 425 1989 semper
443 1925 585 1975 meminisse
601 1926 671 1984 ibid,
688 1927 753 1990 quod
768 1928 950 1975 demonstretur
965 1941 998 1975 ex
1014 1926 1067 1989 ejus

328 2015 443 2065 dramatis
459 2031 517 2080 pag.
534 2017 567 2065 46
582 2030 618 2079 sq.
840 2056 842 2060 .

246 2108 259 2167 §
276 2107 304 2155 3.
327 2107 363 2156 hs
380 2107 484 2162 ommino
500 2105 652 2155 inventionis
668 2105 742 2154 nimis
753 2104 872 2166 oalhdae,
889 2121 945 2169 pag.
960 2107 1064 2158 48-61.

357 2195 481 2258 Exempla
513 2209 546 2245 ex
577 2194 689 2258 pluribus
721 2195 848 2260 Euripidis
875 2196 964 2245 fabalis
988 2197 1065 2259 petita

326 2301 383 2349 pag.
400 2285 432 2334 48
448 2299 512 2347 sqq.;
536 2283 632 2332 somnia
648 2299 705 2347 pag.
721 2283 755 2333 50
770 2298 798 2347 sq
812 2303 818 2343 ;
835 2284 991 2334 interventus
1007 2287 1063 2334 deo·

327 2390 382 2424 rum
399 2390 457 2439 pag.
474 2375 513 2423 51.

214 2505 363 2571 CAPUT
385 2504 442 2570 IV.
491 2503 664 2590 Euripides
681 2503 716 2568 iu
729 2526 825 2570 soene
836 2505 1049 2590 philosophus
1071 2537 1086 2571 a
1135 2511 1210 2572 52-
1223 2511 1281 2572 66.

357 2633 485 2682 Seoessum
511 2640 536 2681 et
560 2632 636 2681 libros
652 2632 750 2682 amabat
765 2648 821 2696 pag.
839 2634 880 2682 52.
897 2634 941 2682 An
956 2633 1064 2698 philoso-

326 2723 399 2786 phiae
415 2722 523 2771 naturali
539 2722 646 2771 multum
662 2722 762 2772 deberet
778 2738 835 2786 pag.
852 2725 884 2772 he
897 2738 932 2786 sq.
949 2725 1063 2773 Facetias

326 2812 500 2881 Aristophanis
516 2828 573 2876 pag.
582 2813 615 2863 54
627 2828 679 2878 sqq.
696 2811 880 2865 Sententiarum
892 2814 991 2863 ubertas
999 2816 1062 2878 apud

324 2902 469 2966 Euripidem
493 2918 550 2966 pag.
575 2904 607 2952 59
624 2917 668 2965 sq..
685 2917 816 2966 perperam
832 2919 848 2952 a
864 2903 947 2952 multis
963 2904 1063 2952 laudata

324 3007 381 3056 pag.
408 2994 442 3042 60
465 3007 500 3056 sq.
534 2991 598 3052 Ejus
622 3007 784 3056 personarum
808 2995 879 3042 docta
899 2993 944 3042 sed
960 2993 1064 3043 moleste

323 3083 455 3146 loquacitas
483 3097 540 3145 pag.
565 3084 594 3131 61
622 3098 674 3146 sqq.
693 3082 869 3145 Philosophiae
885 3083 1017 3131 ostentatio
1034 3084 1060 3130 in

324 3173 445 3236 Euripide
460 3187 510 3221 non
528 3173 652 3236 probanda
669 3187 726 3236 pag.
743 3174 775 3220 66
792 3187 827 3236 sq.

212 3304 360 3370 CAPUT
381 3303 422 3367 V.
471 3301 645 3386 Euripides
666 3301 822 3366 in'seene
842 3300 950 3369 rhetor
958 3342 1056 3364 .....
1067 3329 1083 3365 a
1131 3304 1278 3368 67-83.

356 3428 440 3492 Hujus
456 3430 566 3478 oriminis
583 3428 694 3493 gravitas
707 3443 763 3492 pag.
777 3429 817 3479 67.
833 3428 956 3478 Rhetores
968 3427 1062 3476 civitati

252 3525 254 3528 '
322 3519 473 3570 Atheniensi
490 3533 613 3567 summam
630 3519 755 3568 invexisse
772 3518 909 3582 perniciem
924 3533 948 3581 p.
965 3519 999 3568 68
1011 3533 1063 3581 sqq.

322 3609 434 3659 Dieterie
458 3607 633 3671 Aristophanis
650 3622 706 3671 pag.
723 3609 758 3662 70
774 3623 825 3671 sqq.
851 3609 924 3658 Artis
941 3608 1061 3656 oratoriae

322 3698 410 3747 crebre
426 3698 492 3761 apud
507 3687 655 3761 Euripidem
677 3697 786 3760 vestigia
802 3711 860 3760 pag.
876 3699 922 3756 7s;
939 3696 1061 3746 orationes

287 3847 292 3856 ,
321 3787 409 3843 sabulis
426 3786 585 3836 intermixtae
593 3801 650 3850 pag.
663 3786 707 3844 76;
724 3786 817 3850 dialogi
828 3785 909 3835 forum
918 3785 1061 3848 resipientes

321 3893 378 3943 pag.
403 3878 436 3930 76
461 3892 509 3940 sq.;
534 3877 644 3940 speciosa
667 3879 816 3940 argumenta
832 3891 877 3939 pro
894 3875 965 3924 melis
980 3876 1059 3924 causis

320 3983 377 4031 pag.
395 3967 440 4027 783
457 3967 540 4016 nuncii
558 3967 653 4015 verbosi
669 3979 726 4029 pag.
743 3967 776 4018 79
786 3979 835 4027 sq.;
852 3965 1059 4028 nugeeetymolo—

320 4056 389 4120 gisae
419 4071 476 4120 pag.
500 4057 533 4105 80
557 4070 611 4118 sqq.
644 4055 813 4118 Aliquatenns
837 4062 920 4102 umen
947 4053 1060 4117 Euripidi

321 4146 497 4210 ignoscendum
514 4159 571 4209 pag.
587 4145 621 4195 82
637 4159 671 4208 sq.

211 4261 357 4328 CAPUT
380 4262 440 4327 Vl.
490 4260 663 4347 Euripides
679 4281 808 4325 morum
826 4263 1083 4343 eomupior.·.a
1130 4263 1279 4326 84-90.

353 4375 419 4424 Mira
442 4376 577 4435 recusatio,
602 4375 712 4438 profecta
728 4375 758 4423 ab
774 4373 942 4437 Aristophane
958 4386 1009 4420 non
1026 4372 1060 4419 ita

321 4473 389 4514 casto
413 4473 487 4528 poeta
513 4480 570 4529 pag.
596 4466 629 4514 st
646 4481 681 4528 sq.
698 4465 762 4526 Quid
779 4473 862 4514 tamea
878 4463 923 4512 sub
940 4477 970 4512 ea
986 4463 1060 4512 lateat
