3154 5198
721 395 784 455 '41

470 578 597 655 δέξασθε
620 579 735 661 σμίλης
758 581 892 655 ὁλκούς,

470 689 603 772 κήρυκας
625 688 706 765 ἐμῶν
728 682 872 772 μόχθων·
895 683 993 768 οἶμοι,

468 796 553 854 τουτὶ
574 791 609 854 τὸ
630 788 678 875 ῥῶ
699 788 877 876 μοχθηρόν·
968 805 970 810 ’

468 897 577 982 χώρει,
601 901 705 982 χώρει·
728 892 823 961 ποίαν
845 894 981 966 ailam

396 1027 399 1033 ·
468 997 607 1084 βάσκετ’,
631 1003 763 1084 ἐπείγετε
785 1001 891 1075 πάσας
913 1000 979 1066 καθ’
1002 998 1114 1075 ὁδούς,

469 1108 568 1190 κείνῃ,
590 1108 694 1190 ταύτῃ·
717 1107 839 1190 ταχέως
862 1107 936 1192 χρή.

272 1257 381 1324 Attuli
410 1257 519 1321 locum
552 1256 733 1342 longiorem
758 1258 814 1322 sed
836 1257 932 1322 valde
953 1257 1129 1340 festivum,
1154 1265 1187 1324 et
1208 1281 1248 1324 ex
1269 1281 1303 1324 se

226 1373 298 1456 ipso
324 1371 564 1455 explicandum.
613 1371 746 1437 Scilicet
770 1370 981 1454 Palamedes,
1006 1371 1041 1435 in
1066 1370 1177 1437 fabula
1205 1373 1302 1439 Euri-

225 1485 321 1570 pidea
343 1484 384 1549 ab
409 1484 479 1570 ejus
502 1485 634 1550 nomine
661 1485 764 1568 dicta,
790 1485 830 1549 de
851 1505 928 1549 nece
949 1506 1046 1569 quam
1069 1483 1132 1548 sibi
1156 1492 1303 1570 paratam

225 1597 315 1664 videt
339 1603 378 1664 ut
401 1607 529 1684 patrem
553 1597 735 1683 Nauplium
758 1598 926 1663 certiorem
949 1597 1067 1681 faciat,
1093 1596 1189 1664 Oeaci
1210 1599 1303 1665 fratri

225 1711 375 1794 mandat,
409 1717 447 1776 ut
470 1710 581 1776 literas
607 1711 734 1776 tristem
757 1716 912 1776 eventum
931 1708 1124 1774 nunciantes
1147 1710 1303 1777 inscribat

225 1825 322 1890 remis
356 1845 475 1910 eosque
510 1823 544 1888 in
567 1845 655 1888 mare
685 1823 832 1909 dejiciat,
855 1824 911 1909 qu'i
932 1822 1086 1888 fluctibus
1110 1822 1151 1887 ad
1175 1829 1302 1909 patrem

225 1938 409 2004 deferantur
426 1940 446 2002 ¹.
486 1937 558 2002 Hoc
582 1943 691 2003 autem
709 1937 879 2002 inventum
894 1936 1030 2002 ridicule
1046 1935 1195 2001 imitatur
1208 1938 1301 2003 Mne-

220 2052 368 2118 silochus
393 2059 431 2117 ut
451 2051 493 2116 ad
518 2051 712 2136 Euripidem
735 2051 903 2137 perveniat
924 2050 976 2115 sui
996 2048 1133 2135 periculi
1151 2050 1300 2117 nuncius.

270 2166 448 2251 Postquam
473 2187 548 2230 vero
567 2163 635 2254 τῇδ’
657 2168 714 2232 οὐκ
736 2167 872 2232 ἔσπασεν
892 2166 917 2249 2,
944 2186 1044 2250 quum
1067 2187 1132 2230 non
1148 2174 1302 2250 appareat

225 2277 415 2363 EuripideS,
447 2278 669 2343 Mnesilochus
701 2278 871 2363 suspicans
903 2278 975 2344 ideo
1006 2300 1080 2343 eum
1105 2299 1170 2343 nou
1192 2280 1301 2345 venire

225 2392 311 2478 quod
340 2392 549 2458 Palamedem
582 2394 711 2480 ψυχρὸν
733 2393 799 2458 ὅντ’
820 2396 1016 2479 αἰσχύνεται,
1048 2398 1155 2457 tentat
1188 2391 1299 2476 aliud,

225 2513 258 2569 et
290 2504 450 2570 Helenam
481 2511 601 2589 καινήν,
632 2510 794 2570 recentem
826 2527 903 2590 ergo
934 2503 1079 2570 fabulam
1095 2509 1119 2589 ³,
1149 2511 1243 2570 vocat
1266 2505 1300 2569 in

224 2639 321 2682 usum
343 2625 379 2682 ut
401 2616 592 2702 Euripidem
618 2615 758 2690 alliciat;
783 2617 853 2702 ipse
881 2616 1041 2682 Helenam
1065 2639 1165 2703 agens
1190 2617 1300 2703 plures
1350 2659 1354 2667 -

224 2755 265 2796 ex
295 2752 334 2796 ea
367 2731 533 2816 tragoedia
566 2729 682 2795 recitat
716 2751 828 2794 versus
844 2736 873 2811 ⁴,
908 2751 1012 2816 neque
1048 2729 1184 2814 frustra,
1224 2753 1301 2797 mox

224 2843 311 2909 euim
334 2843 507 2928 Euripides
528 2841 639 2928 prodit
663 2848 773 2906 sumta
801 2840 943 2906 Menelai
964 2862 1117 2926 persona,
1142 2849 1176 2908 et
1187 2844 1301 2929 agnita

222 2978 322 3022 uxore
354 2956 388 3020 in
419 2977 457 3020 eo
486 2961 537 3021 est
566 2962 604 3020 ut
635 2953 727 3019 illam
761 2953 920 3038 abducat,
962 2977 1062 3040 quum
1094 2956 1299 3022 accedentem

223 3071 313 3135 videt
333 3090 408 3135 oum
431 3067 546 3155 τοξότῃ
570 3068 765 3150 Prytanem:
790 3087 867 3152 ergo
892 3088 926 3132 se
950 3065 1107 3152 proripit,
1133 3067 1299 3152 pollicitus

256 3292 265 3326 ¹
298 3295 380 3344 Miror
400 3292 557 3353 Wagncrum
574 3289 601 3336 in
617 3289 721 3352 Fragm.
739 3288 855 3352 Euripid.
872 3288 978 3338 editione
995 3291 1025 3337 ad
1043 3289 1132 3352 fragm.
1150 3291 1198 3343 587
1217 3292 1300 3354 (Pala

222 3384 300 3432 medis
324 3383 403 3444 VIII)
428 3381 569 3429 adnotasse:
585 3384 686 3428 “utrum
702 3387 786 3428 autem
802 3379 949 3427 Palamedes
965 3378 1037 3427 fratri
1055 3379 1115 3428 haec
1132 3389 1228 3429 tantum
1245 3396 1300 3430 sua-

222 3473 283 3520 serit
306 3487 337 3521 an
363 3485 452 3520 revera
468 3469 539 3521 Oeax
555 3469 581 3516 in
599 3469 726 3532 tragoedia
743 3468 845 3527 feccrit,
861 3468 970 3518 dubitari
992 3476 1079 3531 potest.
1097 3469 1173 3522 Certe
1190 3485 1223 3520 ex
1240 3473 1300 3520 Ari-

222 3562 302 3624 stoph.
319 3563 422 3611 Thesm.
439 3575 476 3608 rs.
486 3561 536 3613 768
545 3559 799 3623 nihilcousequitnr.”
809 3559 921 3608 -Itane
937 3562 1011 3608 vcro?
1019 3560 1101 3608 Immo
1110 3559 1174 3608 mihi
1184 3561 1300 3610 ridentur

223 3653 301 3701 lucide
326 3652 455 3702 ostendere
481 3650 658 3712 Aristophanis
684 3649 774 3706 verba,
798 3647 881 3699 Oeaca
905 3659 1062 3711 conspectum
1087 3647 1161 3699 luisse
1186 3650 1212 3698 in
1228 3665 1301 3700 scena

222 3741 316 3789 tristem
333 3740 451 3789 nuncium
467 3741 542 3788 remis
559 3740 753 3803 insculpentem,
775 3747 800 3788 et
816 3739 918 3788 tidenter
935 3743 1055 3788 contendo
1071 3741 1219 3790 Mnesilochi
1232 3743 1300 3791 ssiam

221 3831 380 3880 cantilenam:
399 3832 418 3878 ὦ
435 3834 514 3895 χεῖρες
532 3859 560 3866 -
579 3831 684 3895 μόχθων
705 3830 735 3878 ad
758 3830 835 3893 ipsius
853 3829 939 3881 Oesois
955 3831 1031 3880 verbo
1047 3845 1101 3880 esse
1118 3831 1300 3892 adumbratam,

223 3930 248 3970 et
271 3922 384 3984 inprimis
410 3921 472 3969 illud
496 3919 600 3982 βάσκετ’
624 3928 681 3977 otc,
705 3933 781 3982 quum
806 3918 832 3965 hi
857 3933 944 3966 versus
965 3919 1104 3981 Euripidae
1126 3920 1208 3969 colore
1227 3921 1300 3971 tincti

222 4012 281 4062 sint.
292 4040 320 4047 —
330 4011 459 4062 Nauckius
475 4025 573 4074 quoque
589 4011 620 4059 de
637 4025 673 4059 vs.
689 4009 820 4061 778-780
830 4008 938 4070 scripsit:
956 4013 1085 4057 “extrema
1102 4011 1179 4059 verba
1196 4011 1299 4062 sortasse

221 4117 254 4150 ex
271 4102 323 4163 ipso
340 4102 460 4165 Euripide
477 4100 583 4163 repetita
599 4100 682 4150 sunt.''

258 4189 269 4221 ²
301 4191 380 4253 Vesp.
398 4205 434 4240 vs.
454 4191 508 4249 175,
525 4189 678 4256 Thesmoph.
696 4205 731 4237 rs.
749 4191 805 4239 928.

255 4278 266 4309 ³
298 4278 381 4328 Schol.
406 4279 438 4326 ad
462 4295 498 4326 vs.
526 4279 585 4328 roal
612 4277 687 4326 tradit
712 4292 767 4326 eam
791 4290 878 4326 scenae
904 4292 958 4326 esse
979 4279 1134 4327 commissam
1153 4279 1226 4328 simul
1242 4297 1298 4330 cum

223 4370 396 4426 Andromeda,
413 4382 475 4431 quae
493 4383 557 4416 anno
574 4377 630 4416 aute
646 4367 916 4430 Thesmophoriasusas
933 4376 971 4415 est
988 4374 1053 4426 acta;
1073 4367 1112 4416 vd.
1131 4385 1167 4420 rs.
1187 4371 1258 4420 1060.

255 4456 266 4488 ⁴
299 4458 346 4509 Vs.
363 4460 413 4508 855
429 4474 480 4521 sqq.
