3154 5198
722 403 773 484 ro

202 581 349 669 Denique
384 585 417 649 in
451 585 592 650 fabulae
610 581 679 650 'fine
723 587 832 651 Nubes
877 587 923 652 sio
961 585 1122 673 plaudunt
1157 588 1276 656 rustico

198 697 357 761 crementi
380 700 416 762 τὸ
439 702 682 786 φροντιστήριον
707 699 866 765 Socratis:

399 808 489 876 δίωκε
510 808 618 896 βάλλε
640 819 725 880 παῖε,
749 812 885 879 πολλῶν
907 791 1033 887 οὕνεκα,

399 915 535 997 μάλιστα
557 912 583 980 δ’
606 912 695 991 εἰδὼς
719 922 793 994 τοὺς
817 916 907 992 θεοὺς
935 919 979 994 ὡς
996 913 1138 995 ἠδίκουν·
1162 922 1171 959 ¹

244 1015 316 1082 Non
341 1025 460 1085 temere
480 1025 589 1084 autem
615 1040 666 1083 me
688 1026 820 1103 putare,
846 1021 923 1086 haec
947 1023 1057 1088 omnia
1081 1024 1121 1089 de
1145 1022 1275 1090 Socrate

197 1131 287 1195 diota
312 1131 410 1196 etiarn
444 1132 484 1195 ad
516 1130 586 1216 ejus
613 1129 867 1196 admiratorem²
889 1133 1081 1220 Euripidem
1100 1138 1272 1221 pertinere,

138 1309 143 1316 ,
196 1244 321 1328 optime
345 1245 515 1329 apparebit
536 1245 565 1308 si
589 1244 792 1311 conferamus
816 1249 996 1314 notabilem
1014 1250 1121 1316 locum
1145 1252 1181 1315 in
1192 1252 1274 1317 Tbe-

196 1357 504 1441 smophorianusie³‚
537 1357 592 1422 ubi
619 1358 687 1441 ipse
709 1359 883 1444 Euripides
911 1364 1107 1430 nominatim
1131 1365 1270 1430 insimu-

197 1471 284 1548 latur
308 1470 466 1558 ἀσεβείας,
490 1494 591 1556 quum
615 1473 700 1536 inter
723 1471 849 1538 eliade
872 1495 909 1538 eo
933 1473 1077 1540 dicatur:
1167 1505 1170 1510 ·

398 1577 473 1660 τοὺς
494 1581 613 1670 ἄνδρας
635 1584 836 1650 ἀναπέπεικεν
858 1587 914 1652 οὐκ
936 1587 1013 1652 εἶναι
1036 1587 1137 1664 θεούς.

200 1689 239 1752 In
274 1689 376 1752 Ranis
414 1688 605 1772 Euripides,
643 1689 784 1753 initurus
820 1697 984 1757 certamen
1009 1692 1176 1778 poeticum
1200 1715 1274 1759 oum

198 1783 382 1884 Aeschylo,
420 1823 485 1866 non
522 1801 594 1866 vult
625 1801 803 1867 sacrificare
835 1803 898 1869 diis
932 1807 1067 1890 patriis,
1094 1807 1152 1873 aed
1175 1830 1273 1893 quoe-

195 1915 272 1979 dam
320 1915 384 1980 sibi
425 1914 568 2000 privatos
613 1914 729 1980 habere
774 1915 945 2000 profitetur
960 1922 983 2001 ⁴,
1022 1921 1152 1985 eosdem
1191 1942 1272 2007 quos

205 2111 421 2118 --οη-ῇ-

233 2203 239 2233 ¹
259 2203 331 2262 Quae
355 2203 442 2262 verba,
468 2204 493 2251 in
519 2207 589 2254 exitu
615 2205 714 2254 fabulae
734 2206 825 2268 posita,
843 2219 959 2268 magnam
978 2205 1070 2254 habere
1086 2205 1207 2254 debebant
1224 2207 1276 2254 vini

167 2298 171 2303 “
194 2295 229 2340 ad
254 2292 456 2354 philosophorum
483 2294 566 2342 odium
596 2295 686 2343 animis
712 2295 866 2342 audientium
890 2295 1071 2354 instillandum,
1103 2304 1133 2344 nt
1165 2295 1196 2344 G.
1211 2298 1276 2354 Her·
1331 2324 1334 2330 ·

196 2397 305 2430 mannus
322 2397 379 2430 vere
396 2383 544 2432 observavit.

230 2468 242 2500 ²
258 2471 391 2533 Euripides
407 2479 510 2521 vocatur
526 2473 622 2522 auditor
639 2473 748 2523 Socratis
766 2474 792 2520 in
810 2475 938 2522 Ranarnm
955 2473 1009 2522 ioco
1021 2489 1057 2522 vs.
1076 2475 1136 2524 1491
1156 2488 1216 2537 sqq„
1234 2472 1277 2535 qui

194 2558 307 2608 continet
340 2561 465 2622 epitomen
493 2561 581 2624 judicii
607 2563 671 2624 quod
701 2563 806 2610 comicus
832 2563 862 2609 de
888 2559 942 2622 ejus
969 2562 1099 2610 virtutibus
1125 2562 1227 2624 poeticis
1252 2553 1277 2609 ct

196 2649 374 2711 philosophicis
393 2651 499 2699 ferebat:
775 2707 778 2714 ¹

522 2741 608 2804 χάριεν
626 2739 686 2802 οὖν,
704 2742 739 2804 μὴ
757 2741 880 2805 Σωκράτει

426 2869 434 2880 ,
523 2828 735 2893 παρακαθήμενον
750 2829 856 2889 λαλεῖν,

435 2983 436 2988 1
523 2917 695 2979 ἀποβαλόντα
711 2917 842 2980 μουσικήν,

522 3006 553 3054 τά
570 3023 596 3054 τε
613 3006 716 3070 μέγιστα
733 3007 914 3069 παραλιπόντα

521 3099 567 3154 τῆς
584 3095 739 3159 τραγῳδικῆς
756 3093 854 3158 τέχνης.

427 3211 430 3219 ·
521 3187 550 3233 τὸ
567 3183 588 3233 δ’
605 3185 645 3232 ἐπὶ
663 3189 791 3249 σεμνοῖσιν
806 3185 905 3248 λόγοισι

521 3273 562 3321 καὶ
580 3278 772 3338 σκαριφησμοῖσι
788 3272 873 3337 λήρων

519 3348 653 3425 διατριβὴν
671 3361 750 3425 ἀργὸν
768 3361 907 3420 ποιεῖσθαι,

284 3498 289 3506 .,
524 3453 750 3515 παραφρονοῦντος
767 3449 868 3514 ἀνδρός.

231 3539 242 3570 ³
260 3539 410 3603 Thesmoph.
428 3555 464 3588 vs.
483 3541 622 3590 iia-452.

231 3629 243 3660 ⁴
261 3631 353 3679 Ranar.
371 3611 474 3679 ve¹888
490 3643 549 3692 eqq.:

288 3719 393 3782 Dionys.
425 3718 461 3766 ἲθι
477 3736 525 3766 νυν
541 3716 626 3773 ἐπίθες
644 3714 674 3774 δὴ
692 3716 733 3763 καὶ
751 3715 780 3763 σι)
799 3712 956 3776 λιβανωτόν.

886 3803 950 3850 Eur.
985 3801 1068 3858 καλῶς
1086 3798 1109 3862 ³,

426 3895 504 3962 ἐ’περοι
521 3897 567 3961 γάρ
586 3895 648 3943 εἰσιν
665 3893 731 3943 οἶσιν
749 3892 853 3956 εὔχομαι
871 3893 945 3949 θεοῖς.

287 3988 393 4050 Dionys.
426 3985 485 4034 tomi
503 3985 638 4045 revereat,
657 3985 739 4048 κόμμα
757 3981 858 4039 καινόνς

819 4071 882 4120 Itur.
915 4071 955 4116 καὶ
972 4067 1052 4131 μάλα.

1152 4156 1258 4219 Βὶααρκ.

227 4326 238 4350 ¹
260 4325 283 4362 id
303 4328 335 4363 est
355 4325 447 4374 tantane,
466 4335 507 4364 non
520 4330 574 4365 utor.
601 4323 649 4367 Vidi
669 4322 776 4364 Fnacnimi
796 4322 910 4362 versionem
925 4322 946 4359 in
959 4321 1042 4358 iiusteri
1056 4317 1157 4367 editione,
1172 4321 1218 4365 qni,
1231 4327 1277 4356 enin

195 4405 239 4441 hoc
256 4410 298 4438 non
316 4403 449 4447 intelligeret,
465 4403 568 4450 perplacet
585 4403 703 4448 scribendo,
722 4402 780 4447 piane
794 4399 918 4438 contrarium
932 4397 1024 4443 procudit
1037 4404 1126 4433 sensum.
1154 4395 1280 4432 Emendavit

196 4485 272 4516 tamen
286 4478 384 4515 austerus
397 4478 418 4513 in
432 4478 572 4522 annotatione,
585 4476 664 4514 collatis
678 4477 769 4512 versibus
784 4474 820 4511 508
834 4476 855 4510 et
868 4473 912 4510 tia.
1193 4475 1196 4480 ¹

1099 4543 1146 4605 2*
