3154 5198
749 392 785 452 ll

233 583 415 663 temporum
441 575 584 641 moribus
609 598 740 661 prorsus
762 599 826 641 non
851 577 1037 660 ferendum,
1062 579 1148 664 quod
1173 579 1305 663 Euripi-

233 691 283 755 dis
315 689 455 754 humiles
492 689 617 754 natales
641 696 673 754 ct
696 690 874 755 domestica
896 690 1063 756 calamitas
1088 690 1306 775 praebuerunt

233 804 401 869 materiem
424 804 704 869 acerbissimorum
729 802 956 869 conviciorum.
994 803 1128 882 Quoties
1143 805 1173 868 ei
1188 826 1303 888 expro-

233 916 326 981 brata
359 923 408 981 est
441 923 546 981 mater
578 917 665 981 olera
699 918 871 982 venditans
910 917 1014 998 Clite,
1053 918 1213 1001 “agrestis
1248 919 1306 982 illa

234 1030 327 1113 dea’',
352 1030 438 1094 unde
463 1032 628 1114 “agrestes
654 1051 728 1095 suos
752 1031 879 1095 mores'’
905 1030 1082 1108 duxerat¹3
1101 1051 1307 1115 quamsaepe

234 1142 377 1228 apertius
405 1143 612 1207 obscuriusve
635 1143 676 1208 ad
700 1145 809 1209 uxoris
833 1143 1058 1209 infidelitatem
1083 1144 1201 1209 alludit
1229 1145 1306 1209 Ari-

235 1255 427 1340 stophanes,
452 1276 567 1339 parum
590 1277 713 1320 memor
737 1237 850 1321 aureae
873 1256 1003 1340 regulae
1019 1278 1117 1341 quarn
1129 1257 1163 1320 in
1177 1257 1305 1322 Ranis²

235 1373 302 1434 tam
324 1366 465 1452 graviter
488 1366 557 1431 edit
578 1368 776 1452 Aeschylus:
802 1371 919 1435 “decet
941 1376 1071 1455 poetam
1094 1392 1159 1434 non
1176 1371 1306 1456 quidvis

236 1482 381 1566 effutire,
419 1482 476 1548 sed
514 1504 595 1566 quae
631 1483 739 1566 turpia
773 1489 850 1547 sunt
884 1482 1039 1547 oblivioni
1064 1482 1172 1546 dare.''
1220 1482 1307 1548 Talis

235 1597 351 1662 modus
375 1597 595 1661 adversarium
620 1596 834 1682 opprimendi,
860 1595 1032 1660 hodiernae
1055 1617 1119 1680 qua
1129 1596 1307 1680 gloriamur

236 1708 413 1774 urbanitati
435 1731 621 1794 repugnans
640 1709 668 1792 ³,
689 1708 828 1793 judicari
851 1709 947 1773 dehet
970 1707 1082 1772 habita
1097 1707 1306 1793 antiquorum

236 1846 363 1888 morum
393 1824 537 1902 ratione3
571 1823 751 1908 cogitemus
776 1845 894 1908 quaeso
924 1829 1047 1907 quanta
1073 1823 1160 1906 apud
1183 1829 1308 1889 veteres

236 1937 335 2003 fuerit
366 1936 494 2002 dicendi
526 1937 678 2019 libertas,
710 1943 929 2022 quantamque
961 1936 1110 2020 inprimis
1143 1937 1177 1999 in
1212 1959 1309 2002 scena

237 2050 359 2115 comica
382 2050 548 2115 licentiam
563 2049 732 2114 offenderit
744 2049 980 2134 Aristophanes
998 2048 1018 2113 ⁸.
1045 2049 1186 2114 Fortiter
1202 2051 1309 2116 odisse

237 2163 365 2249 antiqui
398 2164 546 2228 homines
580 2162 670 2228 laudi
703 2165 884 2243 duxerunt,
917 2184 1019 2246 neque
1052 2163 1196 2247 profecto
1225 2163 1309 2228 hanc

236 2277 366 2342 laudem
389 2276 603 2361 Aristophani
626 2277 765 2341 abnuere
787 2298 970 2362 possumus.

284 2390 349 2454 Ubi
380 2389 451 2473 jam
483 2390 674 2474 descripturi
710 2411 821 2454 sumus
855 2398 889 2455 et
923 2390 1131 2476 dijudicaturi
1164 2415 1204 2456 ea
1227 2414 1309 2476 quae

238 2502 473 2588 Aristophanes
509 2501 625 2587 objecit
659 2502 826 2587 Euripidi,
861 2525 926 2568 non
958 2509 1067 2588 potest
1101 2504 1180 2590 quin
1214 2527 1310 2590 aegre

239 2619 379 2682 feramus
412 2616 497 2702 quod
527 2616 695 2700 utriusque
728 2616 849 2701 scripta
877 2639 942 2681 non
970 2618 1066 2682 modo
1091 2640 1154 2682 non
1179 2619 1309 2702 integra

239 2731 282 2795 ad
304 2751 363 2796 nos
387 2734 617 2815 pervenerunt,
641 2727 696 2792 sed
719 2727 816 2813 longe
840 2729 983 2793 maxima
1006 2751 1116 2794 eorum
1131 2752 1206 2814 pars
1225 2737 1308 2795 tem-

240 2844 328 2929 poris
352 2843 471 2929 injuria
493 2842 660 2907 nobis‘est
683 2841 832 2906 sublata·
869 2841 964 2906 Nunc
988 2843 1073 2906 enim
1098 2865 1161 2906 non
1187 2865 1309 2928 paucae

241 2957 463 3023 accusationes
496 2955 722 3020 tantummodo
747 2976 786 3019 ex
811 2955 961 3019 brevibus
985 2955 1195 3040 fragmentis,
1224 2958 1311 3043 apud

241 3071 433 3138 scholiastae
464 3069 619 3152 servatis,
654 3068 802 3153 dignosci
818 3075 868 3133 ·et
900 3053 1058 3133 illustrari
1081 3082 1235 3153 possunt3
1260 3071 1310 3135 fa-

274 3295 282 3326 ¹
300 3298 411 3346 Acharn.
438 3297 500 3352 457,
517 3297 578 3354 4783
595 3296 680 3359 Equit.
701 3297 732 3344 18
748 3311 794 3358 sq.;
813 3295 963 3358 Thesmoph.
980 3297 1029 3348 387
1039 3333 1044 3351 ,
1059 3297 1121 3354 ,4553
1139 3297 1232 3346 Ranar.
1249 3298 1312 3354 84ος

240 3385 276 3434 cf.
297 3386 372 3435 etiam
389 3385 540 3449 Thesmoph.
558 3386 607 3435 910
623 3377 679 3434 euin
696 3385 778 3435 Schol.

273 3473 365 3524 'aaa
383 3476 446 3523 1054
463 3490 499 3538 sq.

275 3562 285 3593 ³
301 3564 341 3613 “Il
357 3563 408 3612 faut
423 3578 515 3612 avouer
532 3578 578 3626 que
595 3563 631 3612 les
648 3563 763 3612 allusione
779 3563 795 3610 'a
811 3563 835 3611 la
852 3563 991 3628 profession
1008 3565 1038 3611 de
1054 3564 1078 3612 la
1091 3564 1313 3628 mered'hlnripide

243 3661 316 3705 “sont
340 3654 490 3704 mise‘rables.
523 3653 588 3717 Qu'y
604 3655 668 3702 a·t·il
684 3668 716 3702 en
733 3653 790 3704 effet
805 3655 835 3702 de
851 3652 954 3717 piquant
970 3655 986 3702 h
1002 3653 1117 3715 rappeler
1133 3655 1174 3717 qu'
1192 3654 1312 3718 Euripide

242 3750 296 3794 “est
320 3743 359 3792 fils
382 3744 455 3792 d'uue
480 3743 638 3792 verduriere?
671 3743 797 3803 Qu'estce
821 3757 868 3806 que
893 3743 945 3791 cela
972 3751 1033 3805 peut
1060 3743 1161 3791 enlever
1180 3758 1211 3791 au
1228 3743 1314 3792 merite

243 3837 290 3882 “du
318 3835 396 3897 grand
420 3832 508 3896 poete?
541 3834 620 3882 Eutre
644 3834 711 3895 deux
739 3833 849 3880 hommes
874 3847 906 3880 ou
932 3835 997 3882 deux
1021 3833 1105 3881 arbres
1122 3834 1182 3881 dont
1199 3835 1234 3882 les
1251 3835 1314 3882 tetes

244 3933 316 3974 “sont
327 3941 357 3973 au
374 3926 454 3973 meme
472 3925 575 3980 uiveau,
593 3926 670 3971 est-ee
687 3935 734 3984 que
753 3920 818 3970 celui
834 3921 876 3984 qui
884 3928 941 3984 part
949 3923 979 3971 de
989 3921 1044 3984 plus
1053 3921 1096 3968 bae
1106 3922 1169 3970 n’est
1178 3937 1220 3985 pas
1228 3923 1313 3972 reelle-

242 4022 327 4064 “ment
342 4015 366 4062 le
382 4015 437 4076 plus
457 4015 536 4077 grand
554 4015 596 4060 des
613 4011 692 4060 deux?
709 4010 782 4059 Ainsi
799 4009 848 4058 l'on
865 4012 916 4058 doit
932 4012 1087 4059 reconnaitre
1107 4011 1182 4074 qu'iei
1190 4012 1215 4059 la
1223 4015 1314 4074 pensee

244 4104 455 4166 “d'Aristophane
471 4118 501 4151 ne
520 4109 579 4150 vaut
599 4116 641 4163 pas
658 4100 742 4148 mieux
758 4113 806 4162 que
823 4114 861 4148 ses
877 4099 1048 4151 sentiments.'‘
1069 4128 1097 4136 -
1117 4101 1146 4150 E.
1165 4102 1313 4158 Deschauel,

244 4178 339 4244 hltudes
357 4209 399 4243 sur
415 4193 594 4255 Aristophane,
611 4205 668 4253 pag.
686 4189 743 4241 247.

277 4283 288 4313 ⁴
305 4283 367 4332 “Die
391 4282 486 4332 Grenae
502 4281 621 4330 rulechen
639 4281 695 4327 dem
714 4277 847 4341 Cynismus
868 4277 911 4325 der
928 4277 1040 4342 Guttung
1057 4279 1133 4328 selbot
1151 4283 1211 4330 und.
1223 4320 1242 4328 ..
1265 4282 1313 4331 den

243 4371 429 4434 “persiinlichen
456 4369 641 4421 Geschmiiohen
666 4369 710 4416 der
729 4367 851 4417 Komiker
875 4368 907 4416 ist
931 4368 1025 4418 schwer
1046 4384 1075 4416 zu
1094 4369 1265 4417 bestimmen.¹'
1281 4398 1312 4407 -

243 4460 380 4510 Bernhard.
402 4475 457 4522 pag.
477 4461 532 4508 621.
