3180 5196
782 389 844 450 148

306 575 483 636 (tonsoratur
504 573 594 633 etium
616 571 723 632 similis
745 571 827 633 locus
849 573 882 632 in
905 572 1112 634 Andromache
1133 591 1175 632 vs.
1197 575 1271 632 237:

286 672 404 731 Hem:
430 675 448 734 ὁ
471 675 548 744 νοῦς
570 673 587 732 ὁ
610 670 670 743 σός
691 696 744 749 μοι
766 671 808 751 μὴ
831 667 1006 745 Ευνοικοίη,
1027 673 1130 756 γόναι.

306 840 391 904 Rfflo
412 858 454 900 VS.
477 842 557 898 2825

427 933 602 1020 οὐδὲνγὰρ
626 934 707 999 οὕτω
729 937 851 1020 γαῦρόν
873 934 937 1000 ἐσθ’
959 937 1003 1009 ὡς
1024 933 1193 1021 Ἡρακλῆς·

308 1027 404 1088 Sohol.
426 1027 500 1088 dicit
521 1046 583 1088 esse
604 1027 804 1087 imitationem
825 1047 927 1089 versus
947 1047 982 1088 ex
1003 1026 1157 1106 Euripidis
1172 1027 1361 1087 Philoctete:

430 1121 607 1210 οὐδὲνγὰρ
631 1122 713 1187 οὕτω
735 1129 857 1210 γαῦρον
880 1125 924 1198 ὡς
946 1124 1025 1210 ἆνὴρ
1049 1122 1114 1209 έφυ.

248 1291 251 1300 .
309 1219 397 1279 Oonf.
418 1217 560 1280 Valckeu
583 1215 679 1278 Diatr.
701 1237 768 1297 pag.
793 1223 858 1278 117.

999 1299 1114 1362 <Eraga
1132 1298 1182 1350 786
1199 1298 1287 1360 Dind.)

312 1427 395 1491 lbld.
418 1447 459 1486 vs.
482 1429 540 1487 303
562 1445 619 1505 sq.:

429 1520 530 1596 ἔξεστί
552 1521 579 1588 θ’
601 1525 705 1610 ὥσπερ
727 1521 912 1609 Ἡγέλοχος
934 1524 1006 1606 ἡμῖν
1028 1521 1148 1609 λέγειν·

428 1621 481 1684 “isc
502 1619 646 1701 κυμάτων
668 1619 731 1705 γὰρ
753 1615 843 1692 αὖθις
864 1616 902 1682 αὖ
924 1617 1029 1703 γαλῆν
1053 1621 1148 1698 ὃρὼ·”

308 1712 370 1774 Est'
384 1731 485 1774 versus
517 1712 671 1791 Euripidis
691 1712 724 1772 in
746 1713 850 1773 Oreste
871 1717 946 1786 279,
968 1712 1021 1772 ubi
1043 1712 1164 1786 histrio,
1195 1712 1358 1772 immemor

267 1807 415 1880 elisionh,
437 1806 562 1866 ridicule
583 1806 831 1885 pronunciaverat
852 1804 955 1892 γαλῆν
976 1825 1029 1884 pro
1050 1807 1174 1893 γαλήν’.

308 1961 392 2025 Ιλίιλ
411 1981 454 2022 vs.
476 1965 547 2022 465:

429 2061 453 2121 ὦ
474 2053 612 2145 βδελυρὲ
634 2056 843 2143 κάναίσχυντε
866 2061 913 2121 καὶ
935 2056 1072 2144 τολμηρὲ
1096 2056 1143 2120 σά·

308 2151 404 2211 Schol.
436 2151 541 2214 Venet.
563 2150 689 2211 ednotct
709 2147 781 2210 haec
802 2151 913 2210 similia
934 2169 996 2210 esse
1018 2149 1115 2210 verbis
1136 2149 1242 2209 Thesei
1265 2148 1358 2207 Euri·

266 2246 346 2324 pidei
367 2247 400 2305 in
420 2245 590 2326 cognomini
611 2245 721 2306 fabula.

306 2339 451 2402 Similiter
471 2341 646 2421 Euripidem
659 2341 752 2401 sentis
767 2342 800 2400 in
813 2341 946 2402 versibus
957 2341 1163 2420 sequentibus,
1177 2344 1270 2400 470-
1279 2343 1357 2399 478:

317 2515 319 2520 Ι
427 2441 496 2502 τοία
519 2439 648 2522 Στυγός
671 2465 705 2501 σε
725 2432 977 2524 μελανοκάρδιος
1000 2440 1097 2522 πέτρα

428 2532 633 2620 Ἀχερόντιός
654 2560 685 2596 τε
709 2531 867 2606 σκόπελος
890 2535 1122 2616 αἱματοσταγὴς

427 2634 620 2714 φρουροῦσι,
645 2632 795 2691 Κωκυτοῦ
816 2655 846 2691 τε
869 2624 1051 2715 περίδρομοι
1074 2631 1180 2701 κόνες,

427 2718 559 2808 Ἐχιδνά
581 2719 608 2786 θ’
630 2721 897 2806 ἑκατογκέφαλος,
919 2720 938 2796 ἣ
960 2723 997 2786 τὰ
1020 2721 1197 2808 σπλάγχνα
1220 2751 1281 2786 σον

430 2813 649 2902 διασπαράξει,
667 2817 857 2897 πνευμόνων
879 2816 905 2880 τ’
924 2814 1095 2900 ἀνθάψεται

430 2915 610 3000 Ταρτησσία
630 2915 779 2999 μύραινα·
801 2914 844 2976 τώ
867 2915 969 2998 νεφρὼ
992 2909 1024 2976 δέ
1049 2941 1107 2977 σου

429 3007 571 3071 αὐτοῖσιν
593 3009 761 3093 ἐντέροισιν
783 3004 971 3092 ᾑματωμένω

430 3099 657 3167 διασπάσονται
680 3103 842 3188 Γοργόνες
863 3099 1042 3188 Τιθράσιαι,

430 3197 475 3284 ἐφ’
498 3195 536 3271 ἃς
558 3200 619 3282 ἐγὼ
643 3194 794 3283 δρομαῖον
816 3199 944 3284 ὁρμήσω
965 3193 1059 3262 πόδα·
1166 3258 1174 3271 ,

309 3293 346 3352 In
366 3291 413 3352 his
433 3289 514 3352 houd
534 3290 625 3350 dubie
644 3291 742 3349 multa
763 3298 833 3350 sunt
856 3289 1031 3369 Euripiden,
1055 3281 1235 3352 testantihus
1257 3297 1356 3352 etium

267 3387 400 3460 scholiis,
422 3385 474 3446 sed
494 3405 529 3445 er
550 3384 647 3445 verbis
669 3383 878 3463 Aristophanis
898 3391 1050 3462 nequeunt
1067 3385 1213 3445 extricari.
1236 3386 1356 3447 Locum

269 3503 304 3542 ex
326 3481 479 3560 Euripidis
499 3480 614 3540 Theseo
635 3479 710 3540 citet
731 3479 837 3540 schol:

430 3578 509 3664 κάρα
530 3604 560 3640 τε
581 3567 643 3663 γάρ
667 3604 725 3640 σου
748 3579 875 3662 σνγχέω
898 3577 1007 3658 κόμαις
1030 3581 1124 3659 ὁμοῦ,

428 3669 516 3757 ῥανῶ
539 3699 569 3735 τε
591 3667 697 3735 πεδόσ’
719 3670 907 3756 ἐγκέφαλον,
932 3672 1078 3753 ὀμμάτων
1101 3667 1127 3735 δ’
1150 3671 1214 3736 duo

430 3769 630 3851 αἱμοσταγεῐς
651 3775 827 3850 πρηστῆρες
849 3765 978 3830 ὕσονται
1000 3768 1091 3830 κάτω·

920 3860 1033 3924 (Erogm.
1049 3862 1180 3912 386-388
1196 3862 1282 3924 Dind.)

310 3974 392 4039 thid.
414 3993 456 4034 vs.
479 3977 537 4034 534
558 3991 635 4050 sqq.:

430 4079 524 4133 ταῦτα
545 4073 600 4148 μὲν
621 4071 706 4156 πρὸς
729 4066 847 4155 ἀνδρός
869 4071 932 4133 ἐστι

430 4170 507 4228 νοῦν
528 4163 663 4250 ἔχοντος
686 4168 734 4228 καὶ
757 4165 871 4249 φρένας
893 4169 940 4228 καὶ

428 4256 539 4324 πολλὰ
560 4257 861 4345 περιπεπλευκότος,

428 4350 659 4434 μετακυλινδεῖν
681 4354 776 4419 αὑτὸν
797 4352 842 4416 ἀεὶ

429 4448 509 4532 πρὸς
530 4449 586 4512 τὸν
608 4445 639 4510 εὖ
661 4448 840 4534 πράττοντα
861 4456 974 4534 τοῖχον
996 4452 1055 4513 κτέ·

1126 3219 1128 3226 τ

1177 3263 1182 3270 ι

1129 3524 1136 3535 ,

1195 4405 1198 4413 δ

1577 4825 1578 4840 l
