3180 5196
768 361 829 421 119

301 547 388 625 Quae
412 567 513 630 quum
537 545 584 608 ita
608 544 685 627 sint,
711 544 889 608 cavendum
914 542 975 607 erit
997 564 1038 607 ne
1060 541 1159 606 nimis
1183 541 1326 608 offenda-

252 679 326 721 mur
357 657 455 722 cruda
478 663 511 720 et
533 677 647 740 aspera
669 655 914 739 maledicentia,
940 676 1004 740 qua
1027 654 1205 720 identidem
1229 655 1325 720 Euri-

255 771 364 854 pidem
398 771 529 836 lacessit
552 770 710 846 comicus3
735 768 916 833 cavendum
943 790 983 832 ne
1007 767 1209 833 stomachum
1233 769 1326 833 nobis

249 881 433 947 concitante
456 882 514 946 illa
538 881 658 947 lasciva
679 887 713 945 et
728 902 829 966 paene
846 881 978 965 pudoris
997 886 1128 965 experte
1143 881 1324 966 dicacitate,

247 995 351 1059 amari
374 995 501 1059 corticis
525 1016 622 1059 causa
646 994 775 1059 dulcem
798 1016 924 1079 quoque
947 1015 1063 1059 nucem
1080 1016 1290 1079 aspernemur
1303 1007 1324 1078 ¹,

247 1116 283 1172 et
316 1109 569 1175 subtilissimum
604 1109 712 1174 nasuti
744 1109 885 1174 censoris
913 1108 1075 1193 judicium
1113 1130 1322 1198 respuamus,

246 1222 325 1304 quia
342 1220 425 1306 jocis
449 1221 536 1286 haud
559 1243 629 1286 raro
654 1220 842 1286 scurrilibus
866 1220 918 1285 vel
942 1220 1042 1286 etiam
1058 1220 1224 1285 obscoenis
1244 1241 1321 1284 con-

246 1333 398 1398 tineatur.
426 1334 511 1398 Nam
534 1351 646 1398 verum
661 1342 711 1424 est
734 1333 820 1418 quod
835 1333 1071 1419 Aristophanes
1087 1333 1156 1418 ipse
1167 1334 1323 1418 jactavit:

239 1449 285 1540 rb
318 1443 435 1512 δίκαιον
467 1443 531 1510 οἶδε
564 1451 611 1509 καὶ
642 1442 839 1532 τραγῳδίας,
875 1453 908 1510 ei
942 1444 1037 1511 facile
1066 1446 1095 1510 ei
1118 1446 1322 1513 concedimus

246 1557 335 1639 quod
370 1579 389 1620 a
421 1559 654 1643 spectatoribus
685 1559 747 1624 sibi
779 1559 974 1643 aliquando,
991 1558 1064 1642 jure
1077 1559 1265 1644 meritoque
1285 1564 1323 1622 ut

245 1691 309 1754 ego
338 1671 467 1754 opinor,
491 1676 640 1756 precatus
664 1677 731 1737 est:

408 1787 539 1872 σμικρὸν
560 1783 586 1852 δ’
608 1784 778 1852 ὑποθέσθαι
798 1793 866 1858 τοῖς
887 1794 1016 1870 κριταῖσι
1036 1782 1207 1870 βούλομαι·

308 1900 375 1966 τοῖς
396 1901 510 1977 σοφοῖς
530 1895 601 1974 μέν,
623 1897 687 1957 τῶν
709 1895 819 1976 σοφῶν
839 1893 1050 1972 μεμνημένους
1072 1894 1186 1976 κρίνειν
1208 1893 1257 1972 ἐμέ
1265 1933 1272 1960 ‚

308 2005 375 2070 τοῖς
396 1995 513 2081 γελῶσι
536 1993 561 2061 δ’
582 1993 695 2072 ἡδέως,
719 1993 767 2060 διὰ
789 1997 824 2058 τὸ
845 1993 945 2080 γελᾶν
967 1999 1080 2080 κρίνειν
1101 1997 1179 2077 ἐμέθ.

243 2196 409 2244 “tenverdarb
434 2197 550 2253 kr'ankle‚
567 2199 622 2245 dass
642 2212 670 2245 er
686 2196 792 2259 unfahig
810 2197 836 2242 in
853 2194 972 2245 Untiesen
989 2210 1020 2242 zu
1037 2194 1134 2243 blicken
1152 2195 1220 2245 nicht
1237 2197 1321 2245 ainsah

244 2285 310 2332 “wic
331 2285 387 2332 sehr
408 2285 452 2332 der
473 2285 582 2333 innerste
601 2285 690 2334 Grund
707 2286 750 2333 das
767 2284 849 2334 Staats
866 2283 963 2332 morach
979 2284 1124 2346 geworden,
1142 2286 1191 2333 und
1211 2285 1251 2334 die
1272 2285 1321 2335 Ge·

244 2371 386 2420 “sellschnlt
406 2372 492 2420 keiner
511 2372 705 2436 Wiedergeburt
726 2372 808 2434 sahig,
827 2372 934 2420 eundern
955 2380 1004 2420 von
1025 2372 1185 2422 unhailbaren
1206 2373 1320 2424 Schtden

244 2461 431 2524 “angegriffen,
447 2476 495 2510 von
513 2463 581 2511 allen
608 2462 822 2511 vaterltndischen
848 2461 1009 2511 Traditionen
1034 2462 1191 2525 abgewichen
1207 2465 1258 2510 und
1276 2478 1319 2510 un-

243 2550 370 2598 “bewusst
385 2565 435 2599 von
451 2565 531 2601 neuen
550 2551 754 2614 Anschaunngen
773 2551 907 2615 umlsngen
927 2565 987 2599 war.
1021 2552 1057 2600 Er
1081 2551 1220 2601 verkannte
1244 2552 1320 2601 daher

244 2639 303 2687 “die
319 2639 436 2702 plbtzlich
452 2641 665 2704 eingebrochenen
682 2641 853 2702 Neuerungen
870 2640 921 2688 und
937 2639 1104 2703 Gegens'atue,
1122 2640 1249 2690 vielleicht
1264 2641 1321 2690 weil

244 2731 289 2776 “cr
306 2729 361 2776 dort
377 2728 450 2778 mehr
465 2730 608 2779 Leichtsinn
624 2730 661 2778 als
680 2729 869 2792 eingewurzelte
889 2729 980 2778 Laeter
996 2729 1065 2786 sand;
1086 2730 1188 2778 alsdann
1205 2744 1256 2778 war
1275 2730 1318 2778 der

243 2817 345 2866 “Wahu
366 2818 475 2877 erlsubt,
500 2819 541 2868 ein
566 2834 593 2868 so
619 2819 749 2883 negabas,
774 2819 838 2868 noch
859 2833 904 2868 vor
924 2819 1095 2889 Jahruebnten
1112 2819 1233 2882 gesundes
1250 2819 1320 2867 Volk

244 2905 342 2954 “kiinnc
364 2908 441 2956 durch
464 2909 611 2957 ltcherliche
636 2909 723 2958 Bilder
744 2911 794 2957 und
815 2909 929 2957 scharfen
946 2908 1032 2970 Spott,
1053 2908 1097 2956 mit
1116 2898 1249 2972 krafug'em
1266 2911 1319 2958 Zu-

243 2996 350 3057 “spruch
368 2997 496 3059 gemischt,
513 3013 556 3046 aus
571 2999 627 3047 dem
644 3001 740 3046 wiisten
757 2998 856 3047 Rauseh
873 2997 993 3062 guriittelt
1010 2996 1134 3046 werden.''

280 3084 287 3114 ¹
304 3084 376 3147 Quod
391 3087 479 3136 accidit
493 3101 514 3138 e.
524 3103 548 3150 g.
562 3089 693 3147 Barnesio,
711 3102 726 3136 e
742 3087 839 3151 tripode
856 3089 890 3136 sic
908 3086 1088 3149 pronuncianti:
1107 3088 1164 3148 “qui
1182 3087 1206 3134 in
1223 3088 1319 3136 Aristo·

242 3175 349 3236 “phanis
364 3176 479 3224 conviciis
496 3175 626 3226 veritatem
644 3187 713 3240 putat
730 3179 805 3225 ullam
824 3191 883 3235 esse,
895 3176 987 3224 frustra
999 3173 1059 3224 est.''
1077 3175 1317 3240 (Vir.1lnr.esp.4.)

243 3267 326 3314 Immo
344 3268 414 3329 παρὰ
432 3270 485 3323 τοῖς
503 3270 630 3331 κωμικοῖς,
647 3275 675 3315 ut
691 3267 822 3315 verissime
839 3265 937 3329 scripsit
953 3265 1098 3315 Athenaeus
1115 3265 1136 3325 I,
1153 3280 1209 3329 pag.
1226 3266 1285 3326 2le,
1300 3268 1317 3327 ὴ

245 3355 301 3416 περὶ
319 3361 369 3402 τῶν
386 3359 511 3420 τραγικῶν
528 3355 659 3405 ἀπόκειται
678 3357 768 3414 πίστις.

277 3439 288 3472 ²
305 3443 415 3491 Acharn.
433 3459 468 3491 vs.
485 3444 541 3493 500.

277 3531 287 3560 ³
303 3530 395 3580 Euclea
414 3547 450 3581 vs.
470 3533 531 3581 1154
548 3547 598 3594 sqq.
