3154 5198
735 395 775 467 73.

216 578 388 666 Euripides
413 603 446 645 se
470 580 533 644 κατ’
555 578 631 654 ἔπος
651 577 818 663 βασανιεῖν
838 581 897 654 τὰς
919 578 1085 666 Αἰσχύλου
1107 576 1284 666 τραγῳδίας

214 693 379 779 promittit
414 693 476 778 (ve.
510 687 602 780 801).
651 693 747 759 Prius
782 701 890 760 temen
922 694 1038 761 chorus
1073 694 1201 780 egregie
1228 696 1284 762 de-

216 807 329 874 scribit
357 809 526 895 ntriusque
559 807 689 892 stilum,
723 808 878 893 Aeschyli
908 807 1223 894 magniloquentiam
1253 816 1287 874 et

217 921 455 1008 sesquipedalia
488 922 603 1005 verba,
636 919 804 1006 Euripidis
842 920 971 987 dicendi
1012 921 1158 988 artificia
1208 922 1285 988 Ele·

216 1034 430 1120 gantissimus
461 1034 644 1120 praeclarae
671 1034 801 1099 fabulae
823 1034 912 1100 locus
935 1034 1055 1120 dignus
1077 1041 1128 1101 est
1151 1034 1208 1121 qui
1233 1034 1285 1100 hic

217 1145 385 1226 efferatum
419 1145 472 1232 (ea
502 1169 583 1234 quac
608 1147 779 1233 attingunt
802 1146 993 1233 Euripidem
1017 1147 1159 1216 diductis
1182 1147 1285 1214 literis

217 1260 454 1348 distinguam);
479 1283 526 1328 vs.
553 1263 616 1328 814
641 1284 728 1348 sqq.:

258 1419 275 1490 ή
297 1443 358 1480 που
382 1413 483 1482 δεινὸν
501 1412 701 1502 ἐριβρεμέτας
723 1412 827 1500 χόλον
849 1408 975 1478 ’ἔνδοθεν
997 1407 1069 1485 ἕξει,

258 1517 338 1594 ἡνίκ’
360 1517 399 1583 ἂν
421 1514 615 1591 ’ὀξυλάλου
635 1513 752 1604 παρίδη
774 1513 970 1602 θήγοντος
989 1514 1154 1593 ὀδόντας

260 1623 501 1710 άντιτίχνου·
524 1624 591 1688 τότε
613 1618 651 1697 δὴ
669 1624 782 1703 μανίας
802 1622 864 1686 ὑπὸ
886 1618 987 1697 δεινῆς

260 1730 379 1812 ὄμματα
401 1726 623 1815 προβήσεται·

259 1835 341 1900 ἐ’σται
364 1832 390 1900 δ’
412 1834 602 1920 ἱππολόφων
620 1861 651 1898 τε
670 1831 781 1916 λόγων
802 1829 995 1918 κορυθαίολα
1016 1839 1114 1910 νείκη,

261 1936 530 2026 σχινδαλάμων
548 1966 584 2003 τε
606 1933 835 2024 παραξόνια,
858 1937 1088 2021 σμιλεάματά
1108 1941 1135 2004 τ’
1157 1940 1288 2027 ἐ’ργων,

261 2045 384 2129 φωτὸς
404 2042 651 2127 άμυυομένου
673 2047 917 2131 φρενοτέκτονος
938 2042 1058 2131 ἀνδρὸς

260 2147 373 2234 ῥήμαθ’
394 2147 601 2232 ἱπποβάμονα
613 2150 634 2207 ¹·

262 2253 375 2342 φρίξας
397 2253 422 2322 δ’
445 2258 619 2339 αὐτοκόμου
639 2255 756 2341 λοφιᾶς
774 2255 969 2342 λασιαύχενα
992 2260 1113 2341 χαίταν,

262 2356 362 2425 δεινὸν
383 2363 559 2426 ἐπισκύνιον
582 2357 729 2446 ξυνάγων
749 2357 962 2447 βρυχώμενος
980 2360 1045 2436 ήσει
1133 2392 1148 2451 ᾗ

260 2462 382 2549 ῥήματα
400 2475 609 2552 γομφοπαγῆ,
628 2462 800 2541 πινακηδὸν
820 2464 976 2530 άποσπῶυ

261 2577 385 2654 γηγενεῖ
406 2572 569 2655 φυσήματι·

262 2671 369 2738 ’ἐνθεν
391 2671 433 2749 δὴ
456 2677 753 2762 στοματουργὸς
775 2677 873 2739 ἐπῶν
892 2671 1151 2760 βασανίστρια
1171 2671 1289 2752 λίσπη

261 2777 1290 2866 γλῶσσ’ἀνελισσομένηφθονεροὺςκινοῦσαχαλινοάς,

261 2882 414 2969 ῥήματα
436 2881 626 2968 δαιομένη
647 2883 1049 2970 καταλεπτολογήσει

261 2991 494 3073 πνευμόνων
515 2989 645 3055 πολὺν
665 2992 804 3054 πόνον·

221 3090 316 3186 Alter
337 3120 426 3186 locus
451 3119 640 3184 simillimus
666 3081 894 3204 subjungatur,
919 3141 965 3184 vs.
990 3120 1056 3184 900
1079 3140 1171 3205 sqq.:

503 3253 684 3343 προςδοκάν
706 3256 764 3321 οὖν
785 3257 866 3331 εἰκός
888 3259 952 3342 ἐστι

502 3365 659 3444 τὸνμὲν
681 3361 839 3427 ιἰστεῖόν
858 3390 891 3426 τι
913 3358 1041 3435 λέξειν

257 3637 265 3668 ¹
299 3637 336 3687 Ut
356 3643 440 3686 textus
460 3635 563 3700 legitur,
581 3647 679 3686 necem
695 3641 733 3684 est
749 3633 866 3685 vocabule
883 3636 964 3699 φωτὸς
982 3633 1142 3699 α’μυνομάνου
1157 3638 1206 3686 sint
1221 3638 1292 3702 geni·

225 3728 271 3778 tiri
295 3731 429 3793 pendentes
453 3743 468 3777 s
493 3727 636 3792 παραξόνια
659 3734 686 3776 et
709 3725 881 3791 σμιλεύματα,
906 3727 988 3790 itaque
1011 3724 1102 3791 ῥήμαθ’
1121 3726 1292 3791 ἱπποβάμονα

225 3817 317 3883 α’νόρὸς
342 3817 536 3884 φρενοτέκτονος
560 3824 633 3866 erunt
653 3815 784 3880 J‘ungende
811 3824 836 3865 et
854 3816 885 3865 ed
902 3815 1056 3881 Aeschylum
1073 3816 1210 3866 referende.
1243 3813 1293 3867 Sed

225 3909 275 3957 dno
299 3915 357 3957 eunt
380 3921 443 3972 quae
467 3921 507 3956 me
531 3905 571 3955 hic
595 3905 738 3965 offendunt;
762 3919 821 3953 nam
840 3905 965 3968 postulare
981 3905 1042 3954 mihi
1058 3905 1154 3954 videtur
1170 3912 1294 3954 structura

225 3998 299 4062 hujus
323 3998 430 4063 periodi,
455 4005 482 4046 ut
506 3996 625 4046 vocabula
650 3997 730 4061 φωτὸς
747 3994 908 4059 α’μυνομένου
933 3996 983 4044 sint
1007 3995 1135 4060 genitivus
1159 3995 1292 4054 absolutae

226 4087 315 4137 deinde
339 4085 507 4151 φρενοτέκτων
531 4085 608 4135 multo
631 4084 714 4148 aptius
738 4081 864 4146 epitheton
884 4084 1012 4147 Euripidis
1029 4099 1080 4133 esse
1096 4084 1204 4134 dixerim
1220 4099 1293 4148 quom

228 4176 353 4240 Aeschyli.
387 4176 474 4240 ltaque
490 4175 590 4225 mallem
604 4171 711 4238 jungere
727 4174 809 4238 φωτὸς
825 4173 1018 4236 φρενοτέκτονος
1036 4174 1117 4237 (Eur.)
1134 4172 1294 4240 dpvvopivov

228 4269 327 4334 ῥήματα
339 4269 516 4332 ἱπποβάμονα
533 4267 624 4334 α’νδρός
641 4267 764 4331 (cisseh),
780 4267 800 4315 si
817 4266 891 4315 modo
907 4272 972 4314 esset
987 4263 1139 4326 adjectivum
1154 4263 1221 4326 quod
1236 4263 1293 4312 eddi

227 4343 308 4422 posset
323 4359 377 4407 roci
393 4356 487 4424 ἀνδρὸς
504 4358 538 4406 sic
554 4358 619 4407 nude
635 4358 741 4422 positae:
763 4355 895 4420 legendum
912 4360 1026 4417 putarem
1043 4350 1232 4415 ἱπποβάμονος,
1249 4350 1293 4400 sed

229 4447 307 4497 fateor
323 4448 434 4496 ordinem
452 4462 500 4510 quo
516 4447 590 4496 verba
606 4454 663 4496 sunt
679 4446 798 4497 collocata
814 4444 870 4495 huic
887 4443 1019 4493 mutationi
1035 4454 1125 4505 parum
1141 4439 1231 4489 iuvere.
