3154 5198
689 355 815 451 '53

250 572 389 638 latebris
413 572 593 658 perspicere
618 579 651 638 et
666 593 853 658 pernoscere
868 595 902 638 se
915 595 1010 658 posse
1026 573 1164 658 putebat
1177 583 1197 653 ¹,
1237 572 1331 653 Quod

254 708 357 771 quam
389 685 563 750 ridiculum
594 685 724 751 deberet
754 691 865 750 nostro
892 686 1015 769 comico
1046 686 1163 768 videri,
1197 685 1328 752 etiamsi

254 801 370 865 nullus
402 805 586 885 superesset
616 799 706 865 locus
735 821 776 864 ex
809 799 879 884 ejus
907 799 1028 865 fabulis
1060 799 1115 885 qui
1139 804 1330 882 testaretur,

255 912 366 998 quivis
377 919 487 978 tamen
499 921 562 977 sua'
570 910 896 997 sponteintelligeret
905 911 958 976 cui
966 911 1196 997 Aristophanis
1206 911 1331 978 indoles

252 1047 324 1090 non
344 1025 441 1110 plane
465 1025 650 1110 incognita:
674 1025 727 1089 hic
751 1024 837 1089 enim
864 1027 992 1090 “mores
1015 1025 1185 1090 hominum
1209 1011 1331 1090 multo·

253 1161 331 1204 rum
354 1140 483 1206 videre”
508 1139 603 1205 unice
626 1139 844 1204 recesserim
860 1139 998 1205 ducebat
1012 1146 1143 1224 poetae,
1160 1138 1330 1204 hominurn

254 1253 391 1338 ingenia
419 1258 453 1318 ct
477 1253 602 1336 studia,
628 1274 748 1339 errores
773 1258 805 1317 et
825 1253 962 1318 virtutes
987 1251 1202 1336 descriptur03
1228 1273 1332 1336 neque

254 1365 300 1430 de
332 1365 512 1431 eruditione
544 1365 719 1430 admodum
752 1375 821 1430 erat
853 1363 1032 1447 sollicitus,
1052 1363 1228 1448 *librosque
1258 1369 1332 1428 tan-

181 1533 186 1540 .
256 1488 397 1543 tnmnon
431 1479 559 1559 oderat,
592 1483 630 1543 ut
663 1478 757 1544 docet
776 1477 997 1563 fragmentum
1021 1500 1038 1543 e
1059 1475 1243 1562 Tagenistis
1265 1498 1332 1542 ser-

257 1600 372 1658 vatum
394 1591 482 1677 apud
503 1591 602 1657 schol.
627 1591 713 1656 Nub.
740 1613 787 1656 vs.
814 1593 878 1656 360
903 1590 1035 1676 (fragm.
1061 1591 1126 1654 418
1150 1588 1276 1672 Dind.):

420 1708 478 1772 τὸν
499 1703 598 1790 ἄνδρα
620 1703 704 1772 τόνδ’
725 1691 907 1792 ἢήβιβλίον
929 1701 1100 1790 διέφθορεν,
1150 1769 1155 1774 ,

423 1811 441 1886 ἢ
465 1808 638 1898 Πρόδικος,
660 1810 678 1885 ἢ
700 1814 764 1876 τῶν
786 1805 974 1895 ἀδολεσχῶν
996 1808 1040 1884 εἷς
1060 1811 1097 1892 γέ
1117 1835 1174 1883 τις.

309 1916 475 1996 Quantum
496 1909 605 1981 autem
629 1913 801 2000 profecerit
821 1912 995 1999 Euripides
1019 1911 1052 1976 in
1078 1911 1214 1977 scientia
1228 1931 1336 1976 rerum

259 2029 463 2095 naturalium
486 2035 519 2094 et
538 2029 853 2115 philosophicarum,
879 2026 986 2093 nescio
1001 2034 1023 2090 ⁹.
1072 2025 1202 2091 Dixeris
1227 2029 1337 2090 tamen

297 2207 302 2236 ¹
338 2207 452 2269 Lessing.
481 2206 573 2255 Hamb.
597 2207 712 2256 Dramat.
738 2203 772 2254 n⁰.
799 2205 832 2256 ct
850 2219 886 2268 sq.
903 2203 975 2252 affert
991 2203 1054 2252 hanc
1070 2202 1151 2267 Angli
1173 2203 1247 2252 Hnrd
1263 2201 1339 2249 inter-

257 2297 426 2360 pretationem
450 2295 548 2344 dicterii
573 2294 713 2358 Sophoclis,
738 2293 804 2358 quod
819 2293 911 2358 legitur
932 2293 998 2356 apud
1014 2293 1123 2341 Aristot.
1139 2298 1204 2358 poet.
1222 2305 1275 2354 cap.
1292 2290 1340 2338 25:

260 2387 396 2450 Σοφοκλῆς
412 2388 467 2449 ἔφη,
486 2386 563 2443 αὐτὸς
579 2387 626 2449 μὲν
644 2382 713 2442 οἵους
731 2383 767 2433 δεῖ
784 2389 875 2445 ποιεῖν,
894 2383 1032 2448 Εὐριπίδην
1050 2383 1074 2432 δὲ
1087 2381 1136 2431 οἷοι
1148 2381 1207 2430 elci:
1226 2381 1338 2444 “Sopho-

260 2473 335 2523 ‘kles
351 2473 419 2524 hatte
435 2473 514 2523 durch
531 2475 616 2524 scinen
632 2474 846 2538 ausgsbreitetcrn
864 2474 983 2536 Umgang
999 2472 1046 2521 mit
1061 2471 1339 2533 Mcnschendiaaiuge·

258 2563 413 2613 “schrtnlrte
438 2578 502 2628 enge
519 2563 696 2628 Vorstellung,
713 2545 868 2612 walcherus
886 2563 930 2612 der
946 2561 1118 2625 Betrachtung
1135 2560 1257 2611 einzelner
1275 2559 1339 2610 Cha·

260 2653 381 2703 “rehtero
397 2654 520 2714 entsteht,
536 2654 561 2703 in
579 2654 651 2704 einen
669 2652 854 2716 vollst'andigen'
866 2652 967 2716 Bsgriff
979 2653 1021 2702 das
1038 2649 1340 2708 Geschlechtserweitert3

261 2744 328 2792 “der
352 2743 550 2806 philosophische
575 2743 707 2807 Euripides
733 2743 872 2807 hingegan,
898 2744 942 2792 der
967 2742 1036 2792 scine
1061 2741 1150 2790 meiste
1175 2740 1232 2790 Zait
1255 2740 1282 2787 in
1298 2739 1341 2787 der

262 2813 423 2882 “Akademie
442 2833 483 2894 (an
499 2821 581 2896 potius
599 2834 690 2896 domi?)
708 2832 856 2896 tugebracht
872 2830 941 2881 hatte
958 2832 1011 2881 und
1027 2846 1078 2880 von
1094 2833 1126 2880 da
1141 2845 1186 2880 aus
1203 2831 1246 2879 das
1256 2828 1342 2878 Leben

262 2921 422 2971 “tibersehen
439 2924 538 2987 woltra,
556 2923 617 2973 hielt
634 2923 718 2972 sciren
735 2923 809 2972 Blick
825 2937 857 2970 nu
864 2921 922 2971 sehr
933 2921 978 2970 auf
983 2923 1027 2970 das
1038 2921 1164 2980 Einzclne,
1173 2919 1219 2970 auf
1227 2917 1341 2968 wirklich

262 3011 433 3062 “existireudc
449 3015 577 3064 Personen
595 3013 716 3079 gahaite,
734 3013 867 3062 versenlrte
878 3013 920 3060 das
930 3009 1341 3065 Geschlcchtindaslndividuum,

262 3101 337 3149 “und
360 3103 436 3151 malte
460 3103 574 3167 folglich,
598 3105 646 3152 den
672 3102 847 3151 rorhabenden
873 3101 1064 3164 Gegenstandcn
1089 3099 1165 3156 nach,
1187 3098 1256 3148 seine
1277 3097 1343 3148 Cha·

263 3189 383 3239 “rahtere
407 3206 473 3242 zuar
497 3192 619 3241 natiirlich
644 3193 694 3241 und
719 3191 802 3248 wahr,
827 3190 884 3238 aber
902 3189 965 3238 auch
983 3190 1048 3237 daun
1065 3190 1116 3236 und
1133 3203 1205 3236 wann
1221 3187 1287 3237 ohne
1303 3189 1344 3238 die

262 3277 375 3327 “hohere
392 3277 539 3341 allgemeinc
558 3279 737 3330 Achnlichlrcit
754 3279 795 3328 die
811 3293 855 3327 nur
871 3277 1033 3340 Vollendung
1047 3276 1341 3340 derpcdtischenWahr·
1428 3338 1431 3347 ,

263 3369 337 3417 “heit
353 3367 475 3418 erfordert
491 3371 578 3418 wird.''
595 3399 627 3406 -
644 3369 683 3420 cf.
700 3369 839 3419 Bernhard.
857 3383 913 3433 pag.
930 3369 979 3418 399
996 3382 1032 3430 sq.

302 3456 313 3487 ²
344 3458 442 3508 Vereor
458 3474 490 3507 an
507 3458 597 3508 habeat
614 3474 662 3523 quo
675 3459 768 3508 nitatur
776 3457 860 3522 opinio
870 3457 1028 3517 Bernhardii,
1036 3459 1150 3521 pag.4ssl
1160 3457 1195 3506 ita
1199 3457 1347 3520 judicantis:

264 3549 342 3598 “dem
367 3549 532 3612 Anaxagoras
554 3549 676 3599 verdanlrt
698 3550 830 3613 Euripides
852 3549 906 3598 eine
927 3549 1030 3612 positive
1054 3549 1157 3599 Summe
1185 3551 1235 3598 der>
1254 3549 1346 3597 Natur·

264 3635 463 3702 “philosophie''

304 3727 497 3787 Valckenarius,
519 3728 545 3776 in
561 3728 689 3777 notissima
706 3727 834 3790 Diatrihc,
850 3729 975 3792 congessit
991 3728 1099 3791 plurima
1115 3743 1147 3781 ex
1165 3726 1346 3791 Euripidc'loca

267 3816 451 3881 philosophiam
475 3816 614 3866 naturalem
640 3817 781 3879 tangentia,
798 3817 863 3865 unde
880 3825 976 3874 tamen,
994 3816 1016 3863 si
1032 3816 1093 3879 quid
1109 3816 1190 3876 video,
1206 3817 1232 3865 id
1248 3823 1346 3865 tantum

266 3917 385 3972 apparet,
403 3907 550 3970 Euripidem
568 3903 792 3965 sententias,‘olim
809 3923 824 3955 a
840 3906 1007 3969 praeceptoris
1023 3920 1066 3955 ore
1082 3905 1203 3955 sublectae
1217 3906 1345 3968 tenacique

267 4005 382 4047 serratas
407 3997 541 4056 memoria,
566 4011 616 4046 non
638 4011 694 4046 raro
711 3997 878 4059 expromsissc
895 3995 986 4059 quibus
1001 4005 1102 4045 ornaret
1118 4011 1173 4044 suas
1190 3995 1285 4044 fabulas
1301 4011 1347 4044 ceu

269 4086 379 4152 gemmis
405 4077 527 4148 pretiosis.
560 4087 601 4134 Ex
627 4099 718 4149 magno
743 4084 787 4134 illo
803 4097 907 4133 numero
922 4083 1034 4132 locorum
1052 4084 1083 4132 ad
1098 4082 1208 4147 perturpe
1225 4085 1348 4147 pertinen-

269 4178 336 4227 tium
360 4177 451 4224 frustra
474 4177 571 4226 coneris
596 4177 693 4226 efficere
719 4175 816 4238 qualem
832 4174 960 4226 notionem
976 4175 1096 4224 derebus
1112 4173 1257 4242 sublimibus
1275 4174 1347 4223 Enri-

269 4266 598 4330 pidessibifcccritmeffllm
608 4269 638 4314 de
654 4265 707 4326 ejus
724 4265 868 4327 opinionum
885 4265 1027 4315 fundamine
1040 4264 1350 4326 etcchaercntiajudicare

270 4356 359 4420 possis.
393 4357 449 4405 Vix
473 4359 503 4404 dc
527 4356 578 4404 ulls
605 4370 631 4403 re
658 4356 679 4403 ci
705 4355 841 4403 constitisse
865 4354 976 4412 ridetur,
1001 4355 1041 4403 hic
1066 4369 1173 4418 quoque,
1192 4365 1219 4403 ut
1235 4356 1262 4404 in
1278 4356 1350 4404 rebus

271 4445 433 4508 theologicis,
459 4447 566 4494 incertus
590 4446 803 4506 circrrmragatrrr3
820 4444 886 4492 clara
903 4452 928 4492 et
945 4443 1021 4492 solida
1037 4443 1079 4492 illa
1096 4442 1263 4506 philosophiae
1280 4453 1350 4494 natu-
