3150 5196
801 385 843 449 28

329 576 370 641 In
402 573 575 661 Iphigenia
606 571 741 638 Taurica
758 582 779 654 ¹,
816 571 954 638 Bacchis
971 578 995 656 ²,
1030 572 1157 638 Helena
1170 582 1195 656 ³,
1229 573 1356 640 similes

284 690 346 756 loci
367 692 555 769 occurrunt,
580 687 634 752 ubi
660 691 756 772 poeta
787 708 821 752 se
845 687 915 772 ipse
936 686 1142 772 reprehendit
1164 688 1356 772 quodiabu-

283 801 362 867 losis
385 799 622 866 narrationibus
644 799 683 865 de
706 800 770 865 diis
791 799 917 866 credere
941 799 1030 866 visus
1056 800 1109 865 sit.

317 1049 324 1080 ¹
358 1049 414 1113 Iph.
431 1049 507 1102 Taur.
524 1065 560 1098 vs.
576 1049 627 1100 ³80
642 1064 695 1114 sqq.
712 1047 815 1097 heroica
831 1048 862 1098 de
883 1047 977 1098 crudeli
994 1049 1168 1114 superstitione
1185 1050 1221 1098 sic
1233 1049 1357 1114 loquitari

539 1141 571 1188 rd
588 1143 635 1200 τῆς
652 1139 709 1188 θεοῦ
726 1136 751 1186 di
768 1136 894 1202 μέμφομαι
910 1137 1066 1202 σοφίσματα,

540 1230 609 1290 ἣτις,
626 1227 728 1294 βροτῶν
744 1229 791 1292 μέν
806 1229 840 1288 ἥν
856 1245 895 1285 τις
912 1226 1008 1290 άψηται
1023 1228 1112 1290 φόνον,

543 1319 558 1378 ἡ
576 1321 617 1367 sui
633 1319 737 1382 λοχείας
753 1317 769 1376 ἡ
787 1319 875 1382 νεαροῦ
892 1316 950 1381 θίγρ
967 1321 1061 1381 χεροῖν,

541 1405 636 1472 βωμῶν
652 1407 777 1472 ἀπείργει,
793 1407 908 1472 μυσαρὸν
924 1405 958 1462 ὡς
974 1405 1112 1472 ἡγουμένη,

542 1497 608 1556 adr»)
625 1495 651 1546 di
668 1496 766 1553 θυσίαις
782 1494 867 1554 ἥδεται
881 1493 1072 1559 βροτοκτόνοις.

542 1585 587 1634 ab:
603 1583 653 1638 ἔσθ’
671 1583 742 1642 bruc
758 1584 839 1634 ἔτεκεν
856 1583 889 1632 όν
906 1582 922 1642 ἡ
940 1585 1000 1642 Διός
1016 1581 1098 1648 όάμαρ

542 1673 614 1734 Δητὼ
631 1673 759 1734 τοσαύτην
775 1673 898 1738 ἀμαθίαν.
915 1671 963 1738 ἐγὼ
980 1673 1027 1737 μὲν
1044 1672 1091 1721 οὖν

542 1765 574 1812 τό
591 1762 724 1813 Ταντάλου
741 1763 836 1812 θεοῖσιν
853 1762 994 1827 ἑστιάματα

543 1854 639 1902 άτιστα
655 1853 741 1917 episc,
760 1851 849 1911 παιδὸς
865 1853 973 1913 ἡσθῆναι
987 1850 1064 1916 βορᾷ·

542 1943 601 1999 rod(
619 1941 640 1990 δ’
657 1940 749 2002 ἐνθάδ’,
767 1943 862 2000 αὐτοὺς
879 1943 957 2000 ὄντας
975 1941 1212 2005 ἀνθρωποκτόνους,

543 2032 568 2089 ἐς
586 2033 634 2090 τὴν
651 2032 709 2081 θεὸν
727 2033 755 2080 τὸ
773 2033 873 2097 daubore
889 2030 1024 2096 ἀναφέρειν
1040 2030 1112 2080 δοκῶ·

542 2119 632 2170 οὐδένα
648 2122 696 2186 γάρ
713 2123 782 2186 οἶμαι
799 2120 928 2185 δαιμόνων
944 2124 1007 2171 εἶναι
1023 2120 1109 2169 κακόν.

317 2213 411 2262 Parum
436 2217 575 2276 opportune
600 2211 660 2260 haec
685 2211 845 2274 proteruntur
867 2228 883 2260 a
899 2210 997 2262 Dianae
1019 2212 1157 2269 sacerdote,
1183 2218 1208 2258 et
1229 2211 1359 2273 aptissima

285 2304 389 2351 suntad
406 2301 603 2366 refrigerandum
620 2301 731 2350 animum
747 2310 921 2364 spectatorum.
974 2325 978 2332 ·

317 2391 329 2424 ²
360 2392 513 2442 Baccharum
529 2391 613 2440 fabula
629 2399 741 2440 versatur
759 2392 784 2440 in
801 2405 882 2454 poena
897 2404 972 2454 quam
988 2389 1155 2451 Bacchus,ob
1164 2398 1274 2452 spretum
1285 2405 1359 2438 suurn

286 2496 391 2541 numen,
416 2482 447 2530 de
472 2480 586 2531 Pentheo
611 2482 698 2538 sumit,
724 2480 863 2529 simillimus
885 2478 996 2528 malefico
1012 2477 1208 2543 praestigiatori,
1226 2487 1251 2527 et
1268 2478 1358 2542 dignus

285 2572 327 2634 qui
352 2587 367 2619 a
392 2570 567 2634 spectatoribus
587 2585 636 2618 non
654 2570 735 2619 minus
751 2577 923 2619 contemnatur
939 2583 1013 2632 quam
1029 2568 1061 2617 ab
1077 2567 1131 2631 ipso
1148 2567 1269 2617 Pantheo.
1303 2569 1359 2618 Hac

286 2662 366 2724 igitur
391 2661 416 2708 in
441 2660 536 2718 fabula,
557 2660 580 2708 si
605 2661 630 2708 in
656 2660 705 2708 alia
721 2660 784 2719 ulla,
800 2659 938 2709 celebretur
954 2673 1046 2722 magna
1063 2665 1170 2722 potestas
1186 2658 1316 2716 coelitum3
1332 2667 1359 2707 at

286 2751 355 2814 legas
381 2765 472 2813 quaeso
499 2764 600 2798 versum
627 2752 688 2809 893,
718 2764 800 2798 annon
828 2749 1001 2813 philosophum
1027 2762 1110 2797 secum
1137 2747 1308 2798 mussitantem
1333 2759 1359 2796 te

287 2839 374 2888 audire
391 2847 475 2913 putes:
507 2839 586 2904 κούφα
604 2842 652 2904 γάρ
670 2839 788 2901 όαπάνα,
807 2841 917 2904 νομίζειν

512 2927 589 2991 ἰσχὺν
605 2927 656 2977 τόδ’
672 2929 751 2992 ἔχειν,

514 3017 527 3066 ό
546 3037 570 3067 τι
588 3015 644 3066 τοτ’
661 3018 711 3081 άρα
727 3018 756 3066 τὸ
773 3016 910 3081 δαιμόνιον.

321 3109 478 3174 Tyrwhittus
494 3107 601 3166 censuit,
618 3106 764 3170 Euripidem
781 3106 829 3155 hoc
845 3106 932 3155 drama
948 3105 1116 3170 composuisse
1133 3119 1182 3168 quo
1199 3114 1319 3171 purgaret
1334 3123 1360 3155 sc

182 3231 186 3241 ·
287 3200 392 3249 crimine
412 3204 591 3246 contenanum
609 3196 739 3246 numinum
756 3195 907 3260 patriorum,
923 3196 967 3244 sed
983 3209 1057 3244 versu
1072 3195 1174 3244 laudato
1190 3209 1217 3244 se
1232 3197 1302 3258 quasi
1318 3212 1360 3246 ex-

289 3304 376 3338 cusare
405 3289 437 3337 de
461 3285 544 3335 fabula
568 3285 738 3348 philosophiae
766 3297 825 3334 suae
851 3285 924 3348 piane
949 3292 1114 3348 repugnante.
1149 3285 1201 3336 Sed
1224 3301 1273 3335 non
1298 3304 1361 3353 opus

290 3380 389 3427 videtur
410 3377 441 3425 ad
456 3376 531 3424 tatem
556 3374 723 3437 conjecturam
748 3375 896 3438 confugere,
920 3389 976 3423 cum
993 3389 1043 3423 non
1060 3375 1086 3423 in
1103 3376 1206 3425 Bacchis
1221 3377 1301 3427 solum
1318 3381 1361 3428 sed

291 3468 392 3532 passim,
410 3476 437 3516 ut
454 3467 570 3523 vidimus,
592 3465 619 3513 in
642 3465 731 3514 tabuiis
747 3465 886 3530 Euripideis
902 3475 1019 3528 appareat
1034 3481 1108 3529 quam
1126 3481 1214 3530 parurn
1230 3478 1303 3532 poeta
1318 3471 1361 3518 sibi

291 3558 435 3609 constiterit.

324 3649 405 3699 Multo
432 3647 513 3696 mitius
538 3647 569 3695 de
594 3646 639 3695 hac
662 3645 747 3694 fabula
769 3645 864 3706 judicat
889 3647 1071 3707 Bernirardius,
1096 3663 1154 3711 pag.
1179 3648 1240 3696 422:
1274 3649 1362 3699 “Doch

292 3738 418 3804 ‘empiahl
450 3751 477 3786 er
509 3736 600 3785 suletzt
628 3736 791 3799 Resignation
820 3739 869 3785 und
897 3738 1051 3800 flingebung
1079 3753 1110 3786 an
1140 3737 1201 3787 Gott
1228 3737 1263 3786 als
1290 3754 1363 3789 uuer-

292 3829 499 3881 “schiitterlichon
524 3825 611 3876 Grund
638 3826 682 3875 der
708 3825 832 3875 sittiichen
856 3826 953 3890 Dioge,
974 3828 1092 3877 wahrend
1110 3841 1137 3876 er
1154 3827 1194 3876 die
1210 3827 1365 3886 Freidenker

292 3925 358 3972 “und
383 3923 430 3970 den
454 3919 601 3982 Unglauben
624 3918 670 3966 der
694 3917 834 3980 damaligen
852 3918 1031 3968 Wissenschsti
1047 3919 1183 3981 beksmptt.
1216 3919 1279 3968 Eine
1301 3919 1364 3968 reiis

293 4015 412 4066 “Summe
437 4011 517 4059 dieser
535 4009 640 4058 innoren
656 4006 833 4071 Eriahrungen
849 4009 893 4057 hat
909 4023 937 4057 er
954 4025 995 4058 am
1012 4009 1113 4059 Scbiuss
1130 4011 1212 4058 seinor
1229 4009 1363 4058 Laufbahn

294 4106 335 4151 “in
351 4104 399 4150 den
416 4098 528 4149 Bacchae
544 4097 742 4162 niedergelegt.'‘
754 4126 784 4135 -
798 4078 899 4148 Vellem
908 4098 1014 4161 scriptor
1022 4097 1195 4160 boojudiciunr
1206 4085 1254 4148 non
1264 4114 1363 4159 expres·

293 4193 363 4240 sisset
379 4190 458 4238 solum
475 4189 519 4238 sed
534 4188 608 4238 etiarn
624 4189 760 4252 probasset.

326 4280 337 4312 ³
370 4280 467 4330 Heiena
482 4278 595 4338 ridicule,
612 4293 667 4328 meo
683 4278 782 4342 quidem
800 4261 889 4338 sensu,-
903 4278 962 4328 dicit
977 4280 1008 4328 de
1025 4279 1091 4330 Jove
1108 4279 1134 4327 in
1148 4294 1250 4343 cycnum
1261 4289 1363 4330 mutato:

295 4371 316 4420 εἰ
341 4369 423 4434 σαφὴς
448 4367 522 4426 οὗτος
547 4369 623 4432 λόγος
649 4367 695 4430 (vs.
713 4370 764 4432 21).
798 4369 829 4416 In
854 4385 928 4418 scena
952 4371 1046 4434 tragica
1066 4369 1127 4420 ferri
1150 4384 1199 4418 non
1216 4377 1299 4432 potest
1315 4369 1364 4418 alia

296 4462 394 4511 Helena
417 4473 490 4522 quam
515 4473 576 4522 quse
594 4473 632 4506 -ex
657 4473 705 4506 ovo
729 4458 847 4505 divinitus
869 4457 1004 4507 fecundato·
1018 4464 1141 4522 prognata
1156 4465 1182 4508 et
1197 4473 1227 4507 ea
1244 4458 1274 4506 dc
1290 4473 1365 4506 cansa
