3150 5194
746 369 807 436 144

281 562 374 623 Musa.
401 563 425 624 ὦ
449 561 582 644 χρόνιος
603 554 707 622 ἐλθὼν
728 565 786 631 σῆς
808 553 967 642 δάμαρτος
989 559 1021 632 ἐς
1044 563 1140 646 χέρας
1158 561 1177 632 ¹,

401 657 486 744 λαβέ
505 687 557 741 με,
577 655 662 744 λαβέ
681 685 732 738 με.
754 660 846 726 πόσι,
870 655 1025 744 περῐβαλε
1047 656 1079 725 δὲ
1102 665 1198 749 χέρας
1215 664 1237 722 ².

401 763 471 844 φέρε
493 787 526 824 σε
549 763 642 825 κύσω·
665 759 767 842 ἄπαγέ
786 759 817 840 μ’
840 757 936 842 ἄπαγ’
957 756 1054 843 ἄπαγ’
1076 757 1177 844 ἄπαγέ
1196 760 1260 841 με3

400 849 515 941 λαβὼν
536 857 617 941 ταχὺ
638 856 732 921 πάνυ·

278 987 473 1066 ΤΙιεεαιυῐιΙι.
494 1006 536 1048 vs.
561 987 713 1064 rorssqq.
735 1021 775 1030 —
797 981 835 1046 ln
845 983 892 1046 his
903 981 1038 1046 versibus
1048 1004 1123 1064 quae
1135 991 1210 1046 teste
1225 985 1321 1047 schol.

238 1103 273 1144 ex
300 1083 453 1170 Euripidis
479 1077 669 1145 Andromeda
696 1091 766 1145 sunt
788 1081 895 1144 hausta
914 1079 1011 1144 literis
1031 1079 1162 1144 diductis
1182 1081 1320 1144 distinxi.

238 1179 360 1241 Caetera
390 1199 506 1260 quoque
527 1176 722 1259 Euripideum
743 1179 842 1240 ferunt
863 1175 1005 1244 colorem,
1027 1185 1058 1239 et
1078 1177 1145 1256 ejus
1165 1177 1321 1240 monodia-

236 1295 302 1336 rum
324 1275 523 1337 imitationem
545 1275 714 1344 continent:
735 1272 786 1338 sed
807 1279 954 1354 quatenus
976 1271 1013 1334 ed
1034 1272 1098 1354 ipse
1118 1273 1208 1336 rerba
1230 1273 1320 1336 Euri-

236 1371 314 1451 pidis
334 1372 396 1433 sint
417 1391 553 1450 expressa
572 1391 652 1433 nunc
673 1391 733 1432 non
754 1369 826 1433 licet
846 1367 1010 1432 decernere.

364 1469 378 1508 ⁴
399 1469 514 1555 φῖλαι
536 1467 746 1548 παρθένοι,
770 1469 902 1546 uttan

397 1567 466 1638 πῶς
487 1561 527 1628 ἂν
548 1559 714 1630 ἆπέλθοιαι
735 1565 784 1628 καὶ

397 1662 453 1724 τὸν
476 1657 602 1734 Σκθθην
623 1655 764 1738 isidorus

365 1754 541 1830 ὓιιλιίεις,
564 1753 589 1818 ὧ
611 1753 705 1838 πρὸς
729 1749 883 1828 Αἰδοῦς,
907 1755 946 1818 σέ
968 1751 1037 1818 τᾶν
1059 1754 1097 1820 ἔν
1119 1755 1292 1842 ἄντροις,

397 1852 605 1920 κατάνευσον,
627 1849 722 1914 ’ἔασον
747 1850 790 1923 ὡς

395 1949 453 2022 τὴν
474 1945 606 2031 γυναῖκά
627 1944 657 2026 μ’
679 1941 792 2010 ἐλθεῖν.

267 2149 275 2181 ¹
293 2149 384 2202 Helen.
401 2165 438 2199 vs.
457 2137 505 2202 557
523 2164 589 2214 squ:

267 2232 376 2283 Menai:
393 2232 432 2289 τίς
449 2233 481 2288 εἶς
500 2229 552 2280 τίν’
570 2229 630 2293 ὄψιν
647 2229 710 2289 σι’γν,
729 2229 818 2288 γύναι,
837 2225 1030 2290 προςόἓριςομαις
1065 2245 1067 2248 ·

267 2311 383 2360 Heleno:
402 2313 432 2361 συ
450 2309 471 2360 δ’
483 2313 504 2360 εἶ
521 2313 573 2367 rim
591 2308 668 2366 αὐτὸς
685 2310 733 2373 γὰρ
751 2313 778 2356 σὲ
795 2305 852 2370 κᾶμ’
870 2305 919 2370 ἔχει
936 2306 1021 2371 λόγος.

265 2391 313 2440 Vs.
331 2391 376 2440 561
397 2405 462 2453 sqq.:

287 2472 372 2520 Men:
388 2469 506 2530 Ἑλληνὶς
523 2472 544 2519 εἶ
559 2488 596 2527 τις
613 2469 629 2528 ἢ
647 2467 764 2532 ’πιχωρία
782 2466 860 2530 γννὴς

294 2551 371 2602 Hau:
389 2549 525 2610 Ἑλληνίς·
545 2549 615 2598 α’λλὰ
634 2549 675 2597 καὶ
693 2549 722 2598 τὸ
739 2549 786 2597 σὸν
803 2545 866 2596 θέλω
884 2547 982 2608 μαθεῖν.

286 2631 371 2679 Mem:
388 2627 478 2694 Ἑλένῃ
495 2623 524 2679 α’4
540 2628 631 2691 ὁμοίαν
647 2626 679 2686 δὴ
698 2625 797 2692 μάλιστ’
815 2625 891 2683 εἶδον,
909 2624 993 2689 γύναι.

293 2710 367 2760 Hei:
385 2709 432 2773 ἐγὼ
449 2708 475 2760 δὲ
492 2707 607 2772 Μενέλεῴ
625 2707 652 2770 γέ
670 2707 707 2768 α’,
725 2705 780 2756 οὐδ’
798 2706 848 2768 ἔχω
864 2706 888 2754 τί
906 2709 952 2769 φῶ.
973 2739 975 2743 -

286 2792 371 2839 Ματι..·
389 2792 467 2853 ἔγνως
485 2787 524 2851 ἄρ’
542 2788 623 2847 ὀρθῶς
640 2785 721 2850 ἄνδρα
739 2781 949 2848 δυστυχέστατον.

295 2871 368 2920 Heu:
386 2871 405 2919 ὦ
425 2870 528 2932 χρόνιος
544 2865 626 2916 ἐλθὼν
643 2870 690 2926 σῆς
707 2863 834 2928 δάμαρτος
852 2864 877 2920 ἐς
896 2862 980 2926 χέρας.

263 2950 380 3002 2Ηιι1οιι.
397 2965 433 2998 vs.
451 2949 500 3002 627
517 2964 567 3011 sm:

265 3033 376 3081 Heleno:
391 3029 488 3084 ἔλαθον
505 3027 602 3093 ἀσμένα
620 3027 696 3075 πόσιν
712 3025 787 3089 ἐμόν,
805 3024 891 3085 φίλαι,
909 3023 966 3086 περί
984 3021 1004 3072 τ’
1022 3017 1133 3070 ἐπέτασα
1150 3017 1210 3084 χὲρα

392 3111 476 3173 φίλιον
494 3109 521 3157 ἐν
537 3108 622 3172 μακρᾷ
637 3106 711 3169 φλογὶ
730 3104 870 3169 φαεσφόρῳ.

263 3195 273 3227 ³
290 3194 317 3245 si
334 3207 420 3241 versus
445 3191 604 3252 praecedens,
622 3185 688 3247 λαβὲ
706 3215 737 3224 -
755 3183 845 3250 χέρας,
862 3197 950 3233 revera
967 3191 1004 3233 est
1021 3182 1126 3232 dimeter
1143 3179 1314 3239 dochmiacus,

231 3289 278 3324 nou
302 3271 388 3322 dubito
412 3270 471 3334 quin
495 3269 536 3318 hic
560 3281 656 3331 quoque
681 3265 768 3315 eodem
785 3271 867 3313 metro
883 3263 915 3311 sit
934 3269 1079 3326 oonoeptus;
1097 3259 1146 3310 levi
1162 3260 1313 3316 mutatione,

137 3335 140 3344 ’
230 3370 278 3419 qua
294 3353 368 3401 simul
383 3351 465 3399 hiatus
481 3348 523 3397 ille
541 3348 616 3404 κύσω,
632 3359 734 3408 prorsus
749 3357 798 3392 non
815 3341 941 3399 ferendus,
959 3340 1068 3399 tollitur,
1086 3339 1172 3402 legera
1189 3339 1280 3388 velim!

392 3429 456 3494 φέρ’,
474 3429 514 3492 ἐμὲ
531 3428 621 3484 κύσον,
640 3423 722 3488 ἄπαγέ
740 3422 764 3486 μ’
782 3421 860 3486 ἄπαγ’
879 3420 958 3485 ἄπαγ’
976 3422 1069 3485 ἄπαγε.

231 3513 279 3564 Sed
305 3525 352 3574 ego
376 3520 528 3570 concoquere
551 3518 648 3568 nequeo
664 3502 709 3550 hos
726 3500 851 3551 dochmios
868 3498 955 3546 iambis
972 3499 1128 3555 intertextus,
1144 3504 1170 3545 et
1189 3497 1312 3559 quaedam

230 3593 293 3643 mihi
318 3589 423 3652 suspicio
449 3593 499 3644 est,
524 3583 731 3647 Aristophanem,
754 3579 804 3642 ioci
822 3594 896 3642 ergo,
911 3577 952 3626 hio
969 3579 1030 3626 duos
1046 3574 1167 3625 iambicos
1185 3576 1313 3624 trimetros

229 3671 355 3735 scripsisse
371 3684 404 3718 ex
420 3667 495 3718 maris
512 3663 608 3729 syllabis
624 3661 742 3711 brevibus
758 3658 917 3722 compositos,
929 3657 1095 3707 adridendam
1107 3656 1312 3706 versificationem

230 3752 367 3816 Euripidis,
393 3747 435 3812 qui
451 3748 478 3796 in
494 3744 594 3800 iambis,
610 3751 638 3791 ut
654 3741 761 3790 vidimus
778 3753 853 3802 supra
871 3753 927 3802 pag.
947 3739 1004 3795 114,
1021 3737 1109 3800 longas
1126 3735 1268 3799 saepissime
1286 3736 1312 3784 in

230 3837 317 3886 breves
334 3829 489 3885 dissolvebat.

263 3916 273 3948 ⁴
290 3912 370 3966 Schol.
387 3910 421 3960 sic
437 3908 509 3958 citat:
527 3907 596 3971 φίλαι
614 3898 743 3967 παρθένοι,
761 3899 830 3966 φῖλαι
846 3919 896 3964 μοι.
914 3897 1026 3961 (Fragm.
1044 3897 1091 3948 ll7
1108 3897 1195 3959 Dind.)

262 3997 272 4029 ⁶
289 3995 338 4045 Hic
355 4004 451 4055 quoque
468 3985 604 4049 Euripides
620 3984 706 4042 latent,
723 3996 786 4045 quae
802 3994 835 4028 ex
851 3976 945 4028 acholio
962 3976 1052 4026 misere
1061 3975 1177 4026 mutilato
1185 3975 1312 4026 Seidlorus

230 4079 265 4127 sic
281 4070 456 4125 conformavit:

392 4150 473 4206 κλύεις
489 4147 508 4196 ὦ

392 4231 457 4292 πρὸς
473 4225 575 4286 Αἰδοῦς,
595 4225 621 4272 σὲ
638 4223 688 4272 τὰν
706 4221 734 4269 ἐν
754 4219 871 4283 ἄντροις,
969 4251 972 4256 -

373 4365 375 4369 ,
393 4305 561 4366 α’πόπανσον,
578 4304 655 4352 ἔασον

392 4388 462 4451 Ἀχοῖ
480 4380 509 4450 ps
529 4385 577 4434 obv
593 4381 678 4446 φῖλαις
694 4378 755 4444 γόου
773 4379 856 4427 πόθον
872 4377 973 4441 λαβεῖν.

759 4454 762 4458 ’
962 4455 1074 4517 (Fragm.
1094 4455 1140 4504 118
1156 4453 1243 4514 Dind.)
