3180 5196
810 383 871 445 118

301 567 456 659 παρῳδῶν
478 569 620 653 respexit
643 567 693 631 vel
717 565 894 650 respexisse
919 563 1064 641 videtur,
1086 583 1144 646 pro
1160 582 1231 625 mea
1247 561 1379 626 divina-

302 686 390 752 tione
424 683 560 748 collecta
593 687 626 746 et
663 680 697 744 in
733 678 880 748 ordinem
912 678 1059 758 redacta,
1097 677 1172 741 huie
1205 676 1380 760 specimini

303 797 461 862 corollarii
482 795 552 860 vice
575 793 755 879 subjiciam.
778 793 874 858 Nunc
891 798 1019 856 tantum
1040 796 1197 876 superest,
1210 791 1373 875 utpuueis

303 910 408 977 verbis
433 908 622 975 summatim
646 904 914 991 eomprehendam
939 925 1021 990 quae
1048 902 1087 967 de
1110 903 1248 988 singulis
1264 903 1377 968 crimi-

303 1021 418 1105 nibus,
456 1020 608 1106 Euripidi
642 1043 662 1084 a
684 1018 805 1084 comico
832 1017 985 1102 objectis,
1011 1016 1177 1103 hucusque
1200 1016 1376 1082 arbitratus

304 1156 386 1200 sum.
434 1134 519 1200 Vere
542 1134 778 1218 Aristophanes
799 1131 925 1197 censuit
952 1131 1143 1216 Euripidem
1166 1151 1203 1195 ea
1226 1131 1278 1195 via
1298 1151 1374 1215 pro-

304 1246 414 1312 cedere
446 1255 479 1311 et
513 1269 622 1312 secum
655 1245 781 1311 trahere
801 1244 907 1325 cives,
930 1264 1012 1329 quae
1036 1243 1167 1310 duceret
1190 1245 1231 1310 ad
1252 1246 1377 1330 patriae

305 1360 492 1436 interitum;
529 1381 633 1444 neque
668 1357 829 1422 immerito
864 1355 1012 1440 culpavit
1048 1356 1226 1440 novitates,
1259 1358 1378 1444 quibus

306 1471 479 1557 Euripides
491 1493 525 1536 se
537 1471 678 1556 tragicae
689 1470 796 1555 poesis
811 1469 1017 1554 splendorem
1030 1490 1147 1554 augere
1158 1471 1378 1549 existimabat

306 1568 440 1652 summo
456 1605 530 1650 vero
547 1584 621 1669 jure
638 1582 866 1649 condemnavit
881 1581 950 1667 ejus
968 1583 1001 1646 in
1017 1603 1113 1647 scena
1127 1583 1380 1668 philosophandi

307 1708 340 1764 et
372 1697 489 1764 diffuse
520 1697 757 1763 sermocinandi
787 1697 954 1779 studium,
980 1719 1000 1761 a
1022 1697 1205 1782 tragoediae
1227 1697 1382 1762 institute

307 1812 404 1897 plane
433 1811 592 1888 alienum;
616 1811 677 1876 hoc
702 1832 768 1876 uno
790 1810 921 1875 nomine
946 1808 1093 1895 iniquus,
1119 1810 1205 1896 qnod
1228 1809 1262 1874 in
1287 1822 1381 1892 eum,

308 1924 357 1988 uti
393 1943 531 2007 magnus
554 1921 753 1987 Judaeorum
778 1922 924 1986 sacerdos
949 1922 983 1985 in
1006 1922 1133 1987 hircum
1158 1923 1381 2003 emissarium,

308 2035 400 2121 quasi
425 2036 525 2101 totius
555 2034 669 2122 populi
693 2035 823 2121 culpam
847 2043 1051 2121 congereret,
1075 2059 1140 2102 nen
1163 2038 1242 2102 satis
1264 2058 1383 2121 nempe

308 2150 491 2215 discernens
514 2149 593 2236 quid
616 2148 767 2233 Euripidi
782 2155 815 2213 et
839 2147 919 2234 quid
938 2149 1105 2214 universae
1130 2149 1381 2215 Atheniensium

307 2263 399 2346 genti
420 2262 547 2348 ipsique
570 2261 707 2346 temperi
726 2270 813 2326 esset
836 2261 1069 2344 imputandum
1082 2267 1101 2325 ¹.

353 2375 447 2455 Quod
471 2396 547 2440 vero
570 2395 687 2459 parum
711 2382 796 2439 recte
817 2373 857 2438 de
876 2394 934 2438 suo
953 2395 1031 2439 aevo
1046 2375 1149 2461 deque
1170 2397 1246 2440 suae
1259 2377 1384 2460 patriae

309 2488 494 2554 conditione
526 2486 689 2572 judicavit
720 2486 883 2569 comicus,
921 2493 954 2550 et
988 2489 1061 2574 παρ’
1082 2486 1193 2555 ἐλπίδα
1215 2491 1260 2554 ἐπ’
1281 2488 1386 2557 ἐλπίδι
1437 2574 1440 2582 y

309 2605 477 2672 πιστεύων,
503 2604 633 2664 servata
658 2606 786 2664 tenerae
814 2600 930 2664 aetatis
960 2600 1084 2684 optima
1105 2621 1248 2685 quaeque
1269 2625 1385 2687 exspe-

311 2711 420 2776 ctandi
442 2713 691 2796 consuetudine,
710 2735 748 2778 ea
763 2734 845 2799 quae
859 2712 928 2778 fieri
947 2712 1118 2798 nequirent
1133 2736 1167 2778 se
1181 2719 1386 2798 peracturum

311 2822 465 2906 credidit,
495 2845 554 2890 nec
588 2824 771 2909 desperavit
799 2824 878 2910 quin
907 2824 1058 2889 remediis
1085 2825 1235 2891 causticis
1259 2833 1388 2893 sanaret

312 2936 403 3000 illaln
430 2939 528 3003 νόσον
550 2938 688 3024 ἀρχαίαν
710 2942 742 3003 ἐν
763 2943 801 3024 τῇ
821 2939 912 3002 πόλει
934 2941 1142 3013 ἐντετοκυῖαν,
1156 2943 1199 3004 αῖ
1225 2949 1389 3005 revocaret

313 3055 458 3135 tempora
486 3050 659 3134 Aeschyli,
686 3051 958 3137 quemadmodum
986 3051 1020 3114 in
1045 3051 1145 3115 Ranis
1169 3051 1254 3116 hunc
1277 3051 1388 3136 ipsum

312 3163 459 3228 videmus
480 3186 497 3228 e
521 3162 616 3228 demo
642 3164 798 3254 Plutonia
817 3163 920 3227 redire
943 3168 981 3228 ut
1007 3163 1219 3248 Euripideum
1240 3163 1353 3248 poesin
1371 3187 1389 3228 e

313 3275 444 3344 civitate
465 3284 646 3359 removeat,
669 3315 712 3326 —-
735 3277 794 3341 hoc
825 3276 973 3342 lubenter
994 3276 1025 3342 ei
1048 3277 1284 3354 condonamus3
1307 3277 1387 3363 quin

313 3387 441 3454 felicem
475 3390 700 3476 praedicamus
736 3390 903 3455 hominem
938 3390 1087 3477 Atticum
1108 3391 1149 3454 ob
1176 3397 1244 3456 tam
1267 3391 1416 3456 laetam·

314 3502 552 3590 ingenuamque
576 3504 748 3582 fiduciam3
765 3504 853 3590 quali
875 3504 932 3590 qui
951 3503 1090 3588 gaudet,
1109 3526 1168 3568 nae
1185 3504 1241 3569 ille
1256 3525 1389 3569 securus

314 3615 460 3682 ambulet
482 3637 578 3702 super
601 3619 672 3704 ipso
695 3619 815 3683 montis
839 3617 999 3702 ignivomi
1019 3618 1170 3683 cratero&

347 3810 354 3839 ¹
371 3810 445 3858 “lhm
470 3810 545 3860 selbst
568 3812 623 3874 gibt
648 3827 675 3861 er
697 3811 802 3868 Schnld,
820 3825 870 3859 was
890 3812 915 3858 in
932 3811 977 3859 der
994 3811 1049 3860 Zelt
1067 3811 1317 3860 Geistcsverwandtes
1335 3825 1389 3856 urn-

310 3899 377 3947 hers·
394 3899 487 3948 Bernh,
504 3900 538 3948 l.l.
556 3914 612 3964 pag.
629 3902 685 3952 396.

345 3989 377 4036 K.
395 3988 425 4038 Ο.
450 3988 554 4048 Miiller,
579 3990 623 4041 Gr.
645 3991 696 4041 Lit.
717 3991 799 4053 gesch.
816 3990 856 4047 11,
874 4004 932 4052 pag.
948 3991 1012 4039 249:
1029 3990 1125 4038 “sicher
1142 3989 1184 4037 hat
1209 3986 1391 4050 Aristophanes

312 4077 382 4124 derin
400 4077 521 4138 Unrecht,
537 4079 592 4126 dass
609 4079 711 4128 erdem
728 4079 859 4141 Euripides
876 4078 948 4125 einen
960 4076 1310 4140 personlichenvorwurfaus
1321 4079 1391 4124 einer

313 4165 437 4229 Richtung
461 4168 544 4216 macht
569 4168 662 4218 welche
683 4171 721 4218 die
743 4183 820 4232 genae
838 4169 892 4220 Zeit
912 4168 957 4217 mit
973 4167 1220 4216 uuwlderstehlrchor
1238 4165 1335 4215 Gewalt
1351 4180 1392 4214 er-

313 4251 401 4316 griffen
419 4255 512 4304 natal·

329 4342 355 4386 αἳ
372 4345 501 4394 Praeclare
521 4346 691 4394 Bernhardius
717 4347 749 4398 l.l.
772 4362 827 4410 pag.
849 4347 910 4394 630:
938 4347 1014 4396 “Man
1032 4360 1090 4408 mag
1108 4346 1184 4393 daher
1202 4344 1392 4407 entschuldigen

312 4433 381 4482 “dass
397 4450 423 4483 er
440 4435 494 4482 dem
512 4435 593 4484 Wahn
611 4444 666 4484 trau
683 4436 758 4495 blieb¹
775 4438 812 4486 als
829 4437 859 4485 ob
878 4437 965 4486 Athen
982 4437 1047 4485 hloss
1065 4436 1270 4498 voriibergehend
1288 4449 1321 4484 an
1339 4434 1392 4484 Sit-
