3150 5196
819 383 859 444 32

347 565 420 630 Non
453 571 534 650 puto
565 563 712 650 pluribus
736 563 895 650 exemplis
919 585 971 630 me
994 565 1139 651 indigere
1162 566 1279 652 quibus
1303 589 1372 634 rem

302 681 529 744 demonstrem.
555 677 705 742 Addatur
727 698 827 742 unum
846 683 963 742 tamen.
999 677 1038 741 111
1051 677 1294 744 Andromaches
1306 680 1373 746 fine

301 793 411 858 Thetis
435 793 545 873 adest,
570 801 603 857 et
623 791 776 856 miserum
801 811 910 856 senem
936 789 1049 873 Pelea,
1071 790 1127 876 qui
1151 767 1312 877 projectiis
1337 793 1372 856 in

301 907 466 991 pulverem
495 903 592 970 deflet
613 901 757 968 excisum
786 902 938 968 ultimum
962 903 1013 968 sui
1036 904 1163 988 generis
1187 903 1370 985 surculum,

301 1019 437 1084 mirifico
474 1017 571 1081 modo
613 1015 814 1082 consolatur:
849 1037 966 1102 nempe
998 1015 1094 1082 deum
1124 1016 1220 1100 facit,
1253 1039 1372 1104 purum

300 1141 416 1216 putum
440 1130 537 1194 deum
560 1128 777 1195 immortalem
801 1131 864 1212 (vs.
895 1131 1006 1214 1256),
1025 1129 1282 1214 redintegratum
1297 1155 1373 1197 oum

301 1267 338 1310 eo
377 1244 523 1330 nuptias,
563 1265 620 1328 per
659 1242 874 1329 quadraginta
913 1244 1027 1328 opinor
1063 1265 1165 1308 annos
1207 1243 1371 1309 intermis-

301 1379 363 1424 sas.
404 1358 505 1423 Divae
523 1358 627 1443 jussis
649 1358 875 1444 obtemperans
900 1357 1017 1424 Peleus
1039 1361 1127 1424 παύει
1139 1357 1254 1433 λύπην.
1279 1361 1372 1446 Rogo

302 1483 430 1538 tamen:
454 1479 604 1558 potestne
628 1473 741 1556 homo,
766 1473 816 1539 vel
841 1473 899 1538 deo
918 1472 1074 1558 jubente,
1091 1493 1209 1558 ponere
1225 1472 1373 1538 luctum?

304 1587 415 1652 Unum
448 1585 568 1651 dixeris
601 1592 729 1671 tempus
759 1606 854 1671 posse
880 1585 1037 1650 obducere
1062 1584 1226 1650 cicatrices
1250 1583 1373 1650 talibus

302 1701 508 1782 vulneribus,
531 1723 596 1766 non
616 1722 690 1765 vero
716 1699 861 1766 sufficere
883 1707 920 1765 ut
941 1699 1059 1786 aliquis
1083 1719 1272 1784 superorum
1284 1697 1374 1762 dicat

305 1816 371 1878 “ne
393 1814 510 1898 luge,”
537 1815 578 1879 ad
601 1815 767 1880 siccandas
794 1814 943 1880 lacrimas
966 1815 1007 1879 ob
1022 1821 1154 1898 gentem
1166 1813 1230 1879 cari
1243 1811 1373 1896 nepotis

303 1929 398 1992 caede
421 1929 598 1994 extinctam
626 1929 774 1994 fluentes.

348 2043 387 2107 In
417 2041 467 2106 his
500 2042 595 2108 rebus
623 2042 751 2127 justum
783 2041 915 2106 modum
951 2048 1058 2107 tenere
1089 2061 1155 2106 non
1185 2041 1280 2106 datur
1307 2037 1373 2102 nisi

303 2155 405 2220 menti
427 2155 515 2240 piae,
539 2176 614 2220 vera
636 2154 780 2220 numinis
802 2154 980 2220 reverentia
1003 2155 1163 2238 imbutae,
1187 2163 1373 2240 propterea-

302 2291 365 2355 que
393 2292 413 2334 a
435 2269 603 2335 subtiliore
625 2269 746 2335 dedeo
769 2269 821 2334 vel
844 2269 883 2334 de
907 2269 970 2334 diis
994 2270 1214 2356 disputatione
1236 2268 1370 2333 alienae.

303 2382 416 2468 Neque
448 2382 654 2468 antiquorum
687 2404 791 2468 neque
822 2385 1035 2449 recentiorum
1067 2383 1217 2469 cuiquam
1250 2381 1374 2448 solvere

303 2495 442 2580 contigit
471 2497 621 2580 aenigma
654 2496 754 2579 illud,
781 2497 941 2582 quomodo
965 2497 1117 2584 conjungi
1140 2496 1245 2582 possit
1265 2493 1373 2560 homi-

305 2629 385 2672 num
407 2607 540 2673 libertas
563 2631 636 2674 cnm
660 2610 790 2675 coelesti
817 2616 978 2696 potestate
1000 2633 1064 2697 qua
1078 2610 1372 2695 omniareguntur3

303 2721 344 2786 de
376 2742 441 2806 qua
472 2743 505 2787 re
540 2721 626 2786 inter
666 2721 868 2788 Christianos
888 2743 1014 2808 quoque
1034 2722 1125 2808 justo
1146 2721 1290 2787 acerbius
1311 2741 1374 2806 pu-

303 2840 440 2918 gnatum
468 2841 533 2917 est,
558 2832 709 2919 dogmate
732 2833 1038 2920 praedestinationis
1062 2833 1240 2899 multorum
1262 2834 1374 2898 ineen-

304 2946 401 3012 dente
428 2944 563 3011 animos.
614 2947 649 3012 si
671 2947 781 3012 omnia
799 2946 917 3012 referas
941 2947 982 3012 ad
1004 2969 1173 3032 supremae
1194 2945 1373 3012 voluntatis

304 3059 492 3144 arbitrium,
516 3065 623 3124 metus
646 3067 696 3125 est
718 3081 759 3124 ne
779 3059 876 3124 tollas
898 3060 1080 3125 libertatem
1105 3060 1300 3137 humanam3
1322 3058 1374 3124 sin

304 3173 388 3238 hanc
420 3171 583 3237 vindicare
615 3171 714 3255 velis,
744 3193 809 3237 non
843 3171 953 3238 omnia
984 3177 1069 3238 certe
1091 3171 1221 3237 coelesti
1245 3170 1375 3237 numini

305 3285 450 3370 subjecta
472 3284 626 3350 concedas
650 3306 780 3350 necesse
802 3291 871 3366 est,
896 3285 1030 3370 ideoque
1052 3284 1225 3370 proclivior
1248 3283 1309 3351 eris
1332 3285 1374 3348 ad

305 3397 511 3463 infitiandam
547 3395 784 3482 providentiam
816 3395 971 3462 divinam.
1021 3397 1060 3462 In
1093 3396 1268 3482 tragoediis
1298 3417 1374 3462 vero

305 3511 537 3596 componendis
563 3518 700 3597 utraque
724 3510 887 3576 sentiendi
907 3511 991 3577 ratio
1013 3512 1207 3597 gravissima
1218 3510 1312 3577 affert
1322 3511 1374 3575 in-

306 3623 483 3690 commoda.
518 3625 551 3690 si
575 3626 674 3708 enim,
698 3625 887 3691 numinibus
910 3627 1041 3713 fatoque
1061 3648 1191 3712 prorsus
1216 3624 1373 3706 sublatis,

306 3739 417 3804 omnia
435 3744 554 3804 temere
573 3738 700 3803 evenire
724 3744 869 3822 statuas,
893 3739 996 3804 aberit
1017 3761 1119 3804 nexus
1143 3740 1227 3804 inter
1245 3738 1374 3823 eulpam

306 3859 339 3918 et
364 3874 534 3938 poenam„
552 3851 622 3916 siue
649 3873 712 3938 qno
736 3874 799 3917 non
825 3858 933 3938 potest
956 3852 1047 3919 nasci
1069 3851 1176 3940 φόβος
1199 3854 1255 3918 ille
1278 3873 1374 3940 quem

306 3965 498 4032 Aristoteles
530 3965 636 4050 poscit
659 3970 676 4029 ¹.
727 3964 797 4030 Diis
830 3987 904 4030 vero
933 3988 973 4031 ex
1005 3964 1196 4030 inexorabili
1219 3965 1291 4051 lege
1313 3964 1375 4030 fati

307 4080 416 4144 omnia
446 4076 722 4164 gubernantibus,
758 4079 941 4145 dramatum
964 4078 1115 4145 materies
1137 4080 1193 4144 vix
1216 4085 1293 4164 apta
1313 4077 1376 4143 erit

307 4192 347 4257 ad
377 4192 554 4258 movendos
586 4197 792 4276 spectatores.
841 4193 931 4272 Quae
965 4192 1052 4258 enim
1076 4193 1186 4258 futura
1209 4198 1286 4257 sunt
1304 4190 1376 4275 jam

309 4361 336 4366 ..-
343 4360 524 4368 -—-——-—-—

341 4439 348 4470 ¹
383 4439 422 4490 Cf.
440 4454 514 4504 supra
531 4456 587 4504 pag.
606 4442 640 4490 23
656 4443 711 4490 adn.
728 4444 744 4492 2
761 4449 786 4492 ct
801 4444 834 4492 24
851 4444 905 4492 udn.
924 4445 947 4492 3.
