3180 5196
791 387 853 448 110

326 572 375 637 De
409 571 459 635 bis
501 575 610 636 tumen
648 576 726 636 tune
755 571 887 636 demum
911 591 1080 655 possemus
1108 569 1189 634 ferre
1214 591 1355 655 aequum

275 684 457 770 judicium,
493 686 522 749 si
556 686 665 749 minus
701 684 806 770 ignari
841 705 985 749 essemus
1016 684 1185 749 modorum
1210 684 1250 748 ad
1272 704 1354 768 quos

280 799 350 883 ejus
388 798 532 862 earmina
564 802 762 863 canerentur.
812 796 887 860 Non
923 796 1011 860 enim
1033 795 1250 861 dubitandum
1272 795 1356 860 mihi

281 912 410 977 videtur
431 911 511 997 quin
537 929 579 976 ex
602 931 713 975 recens
735 908 872 975 mutatis
899 909 1027 994 legibus
1043 907 1176 975 musicis
1189 909 1356 994 explican-

281 1025 427 1091 dum-sit
449 1023 604 1110 quicquid
628 1022 800 1107 Euripides
824 1022 859 1086 in
883 1023 996 1088 metris
1020 1022 1156 1088 molitus
1172 1028 1223 1087 est
1238 1021 1313 1086 novi
1330 1021 1351 1084 ¹.

284 1137 337 1202 Sic
360 1144 469 1202 autem
493 1136 631 1201 devenio
651 1135 686 1211 in
711 1141 830 1201 terram
853 1135 1050 1201 salebrosum
1075 1140 1109 1201 et
1123 1134 1354 1220 caliginosam,

283 1269 339 1333 per
361 1248 454 1333 cujus
478 1248 611 1313 semitas
634 1261 751 1332 parurn
774 1246 915 1312 calcatus
939 1268 999 1332 ego
1022 1246 1163 1332 vestigia
1185 1245 1266 1311 ferre
1289 1269 1356 1312 non

283 1361 430 1426 conabor.
458 1361 507 1437 De
529 1381 563 1425 re
586 1360 683 1446 longe
706 1359 938 1425 obscurissima
961 1367 1068 1425 tacere
1090 1380 1189 1445 quum
1206 1359 1357 1445 imperite

218 1503 220 1506 ·
283 1475 373 1561 loqui
407 1475 510 1540 satius
548 1474 651 1557 duco,
684 1495 749 1539 non
784 1473 976 1557 difficulter,
1012 1480 1050 1538 nt
1084 1495 1194 1559 spero,
1227 1471 1358 1540 veniam

284 1590 536 1674 impetraturus,
575 1589 603 1653 si
636 1609 746 1653 meum
782 1587 968 1653 tirocinium
1003 1587 1172 1653 materiem
1195 1589 1358 1674 suscipere

285 1709 428 1786 veretur,
453 1702 495 1767 ad
518 1723 616 1787 quarn
639 1701 720 1768 bene
744 1702 948 1767 tractandam
971 1701 1027 1766 vix
1050 1707 1083 1767 et
1105 1724 1146 1768 ne
1158 1701 1214 1767 vix
1226 1701 1359 1788 quidem

285 1838 414 1882 summa
436 1815 574 1881 eruditio
598 1815 748 1880 sufficiat.
775 1814 888 1881 Unum
899 1814 1001 1880 babeo
1012 1815 1098 1900 quod
1110 1815 1163 1881 hic
1178 1815 1357 1896 observem,

285 1927 539 2012 Aristophanem
573 1949 638 1992 non
671 1927 831 1993 minorem
866 1927 932 1994 vim
972 1928 1125 1994 tribuisse
1157 1927 1299 1993 musicae
1321 1925 1359 1989 in

286 2040 411 2106 civibus
446 2041 621 2107 educandis
657 2063 754 2126 quam
779 2040 970 2124 Platonem,
995 2041 1051 2127 qui
1074 2040 1216 2126 negabat
1238 2036 1360 2104 mutari

286 2176 381 2240 posse
414 2155 553 2220 musicas
576 2155 664 2240 leges
691 2153 761 2219 sine
783 2152 965 2218 mutatione
986 2152 1097 2239 legum
1119 2153 1321 2238 publicarum
1332 2159 1356 2216 2.

288 2269 376 2334 Bene
399 2269 459 2334 hoc
481 2268 585 2354 liquet
607 2289 648 2334 ex
670 2267 834 2353 praeclara
855 2267 915 2332 illa
933 2267 1025 2332 Justi
1041 2266 1146 2352 λόγου
1162 2266 1305 2332 oratione
1323 2265 1361 2329 in

287 2382 433 2447 Nubium
455 2380 586 2464 fabula,
612 2381 668 2446 ubi
691 2381 954 2467 intereaquibns
970 2379 1178 2467 antiquorum
1189 2357 1360 2444 himinum

288 2494 435 2561 educatio
469 2494 655 2579 praestabat
690 2493 831 2578 recenti,
867 2492 967 2558 etiam
1000 2491 1125 2557 musica
1148 2491 1360 2557 severioribus

288 2607 409 2694 regulis
449 2608 605 2673 adstricta
643 2614 827 2674 recensetur
864 2605 903 2683 ἣν
946 2611 975 2672 οἱ
1011 2611 1140 2694 πατέρες
1178 2603 1372 2693 παρέδωκαν·

290 2722 351 2805 (VS.
390 2721 453 2785 969
490 2726 595 2806 sqq.),
619 2742 719 2806 quum
743 2722 889 2803 κάμπτειν
919 2720 988 2785 τινὰ
1020 2722 1142 2801 καμπὴν
1164 2740 1229 2784 uno
1251 2724 1362 2782 tenore

290 2833 416 2917 dicatur
439 2853 512 2897 cum
535 2838 579 2918 τῷ
603 2831 894 2921 βωμολοχεύεσθαι.
937 2833 1042 2899 Unice
1063 2834 1213 2918 placebat
1239 2831 1363 2898 comico

291 2945 430 3030 simplex
454 2943 512 3009 illa
535 2945 706 3010 austeritas
737 2945 918 3029 priscorum
942 2945 1129 3029 modorum,
1154 2945 1210 3031 qui
1233 2946 1362 3012 subser-

197 3067 199 3070 ’
290 3058 423 3123 viebant
451 3057 631 3122 sententiae
666 3078 769 3142 neque
792 3058 893 3125 alium
918 3059 1114 3144 praebebant
1136 3079 1232 3123 usum
1264 3080 1363 3143 quam

295 3199 487 3210 ........-—-—

290 3280 383 3328 stante,
409 3277 554 3332 anapaestus
579 3280 695 3332 ponatur:
722 3275 1002 3339 υυ-,-υυ-,υ-ὲ,
1034 3270 1073 3322 Ol.
1099 3271 1130 3320 G.
1157 3272 1313 3320 Hermennus
1337 3273 1364 3320 in

290 3351 352 3399 libro
369 3351 399 3398 de
415 3350 505 3398 Matris
522 3349 567 3399 Gr.
583 3357 608 3398 et
625 3349 697 3399 Rom.
714 3349 852 3399 luculenter
868 3350 898 3398 de
914 3351 1040 3413 glyconeis
1059 3351 1170 3400 numeris
1185 3352 1323 3414 disputans,
1339 3361 1365 3401 et

292 3442 341 3490 vid.
371 3441 484 3502 inprimis
508 3455 564 3503 pag.
590 3441 637 3489 231
661 3455 696 3503 sq.
736 3441 765 3488 In
792 3440 873 3489 Elem.
897 3442 983 3492 Doctr.
1012 3442 1087 3491 Metr.
1111 3445 1213 3493 eandem
1238 3459 1289 3492 rem
1314 3455 1364 3494 tra-

291 3539 359 3580 ctans
383 3531 446 3578 inter
462 3529 511 3577 alia
527 3529 621 3579 scribit:
647 3530 796 3592 “Euripides
811 3545 861 3593 quo
876 3545 985 3594 quasque
1008 3533 1130 3582 recentior
1146 3544 1184 3584 est
1199 3533 1254 3596 ejus
1271 3535 1363 3584 fabula-

293 3624 378 3686 ί111111,
399 3627 468 3667 teuto
487 3617 543 3680 plus
558 3617 671 3667 boentius
691 3618 738 3666 sibi
754 3597 870 3669 indulsit*
888 3620 955 3683 (pag.
973 3621 1043 3683 52³„
1061 3621 1110 3671 vid.
1127 3622 1204 3672 etism
1220 3622 1292 3686 hujus
1307 3623 1365 3672 libri

292 3723 347 3774 res·
365 3711 415 3760 538
430 3725 466 3774 se·

327 3799 383 3850 ¹G.
407 3802 569 3850 Hermunnns
590 3801 692 3863 Proleg.
718 3801 750 3850 sd
773 3803 900 3852 Hecubam
922 3817 979 3867 pag.
1001 3805 1031 3852 8:
1052 3804 1197 3868 “Euripidis
1213 3801 1321 3862 numeri,
1337 3805 1365 3852 in

292 3889 486 3939 “recentioribus
510 3887 664 3953 potissimum
688 3890 833 3954 tragoediis,
858 3892 980 3954 grsvitste
1004 3893 1094 3943 veteris
1114 3893 1222 3943 musicae
1240 3895 1366 3958 permira

293 3978 482 4028 “modulationis
508 3979 610 4028 artificia
633 3980 758 4040 dissoluit,
782 3980 808 4028 in
832 3995 888 4030 eam
909 3983 1055 4032 varietatem
1076 3983 1236 4034 etlicentiam
1252 3983 1365 4034 diffluxe-
1423 4033 1427 4038 .

238 4117 240 4120 ,
289 4073 368 4116 “runt
383 4068 426 4116 ut’'
443 4075 488 4116 etc.
506 4096 537 4104 -
555 4068 595 4120 Cf.
612 4070 700 4119 Doctr.
716 4070 791 4120 Metr.
807 4085 867 4134 pag.
885 4073 933 4123 123
948 4087 984 4136 sq,
1033 4063 1039 4085 ¹

327 4155 417 4207 ²Plat.
443 4157 505 4219 Rep.
528 4156 578 4216 IV,
602 4172 659 4220 pag.
685 4159 734 4208 424
754 4159 787 4210 0:
808 4159 872 4218 εἶδος
889 4163 937 4226 γὰρ
956 4164 1045 4211 καινὸν
1060 4169 1180 4227 μουσικῆς
1196 4163 1366 4228 μεταβάλλειν

295 4243 459 4307 εὐλαβητέον,
484 4245 517 4302 ὡς
542 4246 569 4294 ἐν
594 4244 646 4310 ὅλῳ
672 4247 865 4298 κινδυνεύοντα·
892 4249 1004 4314 οὐδαμοῦ
1030 4253 1078 4316 γὰρ
1104 4254 1231 4302 κινοῦνται
1248 4257 1366 4316 μουσικῆς

294 4334 384 4399 τρόποι
400 4335 460 4383 ἅνεν
477 4335 613 4385 πολιτικῶν
629 4337 715 4402 νόμων
730 4341 782 4387 τῶν
797 4338 930 4404 μεγίστων,
953 4341 986 4398 ὥς
1004 4350 1061 4405 φησι
1077 4341 1170 4405 Δάμων
1186 4343 1227 4390 rui
1244 4343 1291 4406 ἔγω
1310 4341 1367 4404 (So-

294 4425 382 4486 crates)
400 4423 524 4486 πείθομαι.
