3150 5194
790 369 832 430 90

272 552 320 618 ita
342 556 380 617 ut
402 551 539 616 habeam
561 548 747 632 verisimile,
770 555 916 636 poetam,
941 556 1102 616 recentem
1129 547 1283 636 injuriam
1303 552 1341 616 ab

271 686 371 732 uxore
400 665 469 750 (vel
502 663 673 745 uxoribus)
712 683 920 749 perpessum,
954 666 1016 729 toti
1048 664 1222 729 mulierum
1254 666 1343 739 sexui

271 779 396 845 bellum
431 777 604 863 indixisse,
640 783 693 859 et,
726 798 785 862 pro
819 798 879 843 suo
911 776 1037 862 ῥήσεων
1070 778 1197 860 studio,
1234 779 1343 844 sedulo

272 890 453 977 captavisse
486 889 689 958 occasionem
723 889 765 954 iis
797 889 1029 967 maledicendi;
1062 895 1237 976 postquam
1270 913 1344 958 vero

271 1003 485 1070 deferbuisset
504 1003 572 1087 ira,
591 1015 625 1069 et
641 1002 776 1070 meliora
794 1023 870 1067 eum
887 1001 1052 1068 docuisset
1070 1007 1160 1067 aetas
1174 1003 1202 1086 ¹,
1218 1004 1345 1071 exuisse

271 1123 414 1184 veterem
447 1117 661 1201 simultatem,
694 1115 786 1201 cujus
821 1115 878 1180 vix
900 1113 969 1180 nlla
985 1115 1126 1201 vestigia
1148 1115 1288 1202 reperias
1311 1116 1345 1180 in

271 1230 386 1297 multis
419 1229 489 1316 ejus
526 1250 660 1315 opernm
686 1229 920 1314 posteriorum,
943 1228 1001 1295 ubi
1023 1230 1075 1295 vel
1098 1229 1205 1296 favere
1227 1229 1345 1295 mulie-

271 1344 361 1409 ribus
394 1344 500 1429 possit
521 1342 595 1408 dici.
642 1343 760 1408 Fateor
782 1348 893 1408 tamen
915 1343 1000 1408 hanc
1024 1342 1243 1427 suspicionem
1267 1341 1346 1408 satis

272 1461 428 1526 incertam
450 1477 539 1538 esse,
562 1454 730 1542 deperdita
752 1456 896 1520 maxima
917 1455 987 1540 ejus
1010 1455 1205 1541 scriptorum
1237 1461 1329 1541 parte
1336 1481 1345 1532 3

272 1574 330 1640 sed
363 1592 429 1636 non
463 1590 545 1654 opus
580 1569 709 1635 videtur
730 1569 821 1634 haec
843 1568 974 1654 longius
998 1569 1166 1654 prosequi,
1192 1588 1267 1634 cum
1290 1567 1346 1632 vix

272 1685 433 1750 attineant
455 1681 667 1767 adjudicium
678 1681 766 1768 quod
775 1682 816 1746 de
828 1681 987 1766 Euripide
996 1681 1076 1747 tulit
1086 1681 1345 1765 Aristophanes,

272 1797 328 1885 qui
362 1793 537 1862 adversarii
576 1794 689 1860 odium
722 1815 800 1880 erga
833 1793 985 1860 mulieres
1016 1794 1052 1859 in
1076 1794 1344 1879 Thesmophoria-

272 1930 424 1975 zusarum
446 1907 558 1973 fabula
581 1907 649 1973 sale
671 1907 805 1994 quidem
828 1907 952 1973 comico
974 1908 1174 1994 conspersit,
1197 1907 1255 1974 sed
1265 1907 1346 1973 citra

272 2043 402 2089 omnem
439 2021 668 2104 acerbitatem,
699 2023 804 2088 etita
831 2027 870 2087 ut
892 2022 999 2107 magis
1023 2023 1184 2108 voluptati
1218 2022 1345 2089 ridendi

271 2137 440 2224 indulgere
463 2157 561 2222 quam
584 2157 748 2202 censorem
773 2157 868 2222 agere
891 2136 1038 2202 videatur
1049 2135 1071 2201 ³.

304 2339 311 2370 ¹
329 2339 366 2388 Ut
381 2338 475 2389 creusa
491 2338 551 2388 dicit
567 2339 621 2387 Ion.
639 2354 677 2388 vs.
694 2339 743 2388 399
759 2353 823 2403 sqq.:

528 2428 555 2476 ἐν
572 2431 629 2485 ταῖς
646 2433 764 2477 κακαῖσιν
780 2428 875 2493 ἁγαθαὶ
892 2428 1040 2493 μεμιγμέναι

526 2513 676 2580 μισούμεθ’·’
687 2515 751 2566 obre
769 2517 899 2582 δυστυχεῖς
916 2517 1068 2582 πεφύκαμεν.

302 2606 397 2655 Notum
422 2613 460 2655 est
484 2604 613 2669 Sophoclis
629 2606 723 2655 dictum
740 2621 820 2656 crasse
836 2605 959 2666 facetum,
969 2607 1114 2671 Euripidem
1131 2607 1247 2657 mulieres
1263 2607 1344 2656 odisse

269 2695 294 2742 iu
311 2695 440 2758 tragoedia
456 2694 551 2752 solum,
568 2709 619 2744 non
635 2710 697 2745 vero
714 2696 839 2745 innubili.
873 2697 968 2747 Athen.
985 2697 1070 2754 xm,
1087 2698 1136 2750 oo7
1153 2711 1176 2746 e.

302 2782 467 2834 ²Bernhard.
493 2784 510 2834 l.
532 2784 550 2835 1.
571 2800 628 2850 pag.
649 2787 711 2836 396:
731 2786 845 2835 “Zuletzt
861 2785 927 2834 blieb
942 2787 991 2836 den
1007 2786 1148 2836 Komikern
1174 2785 1232 2835 kein
1250 2793 1344 2836 crustas

269 2873 367 2922 “Motiv
383 2873 454 2923 mehr
471 2873 557 2938 herig,
570 2877 622 2924 und
639 2876 680 2924 sin
696 2874 773 2939 vollig
790 2874 958 2939 persiiniicher
973 2876 1029 2939 Zug
1045 2883 1139 2924 mussts
1156 2876 1204 2924 den
1220 2875 1344 2926 wescntli·

271 2964 348 3012 “chen
365 2963 432 3015 Stcff
443 2979 473 3014 ru
490 2965 539 3013 den
555 2964 830 3030 Thesmophoriaznsen
847 2963 999 3030 hergeben.''
