3180 5196
694 407 755 467 113

189 589 291 656 habeo
326 588 482 672 dicenda,
506 587 591 654 infra
613 589 647 653 in
670 588 817 674 catalogo
841 611 992 656 versuum
1015 593 1263 680 Euripideorum

188 703 229 767 ab
248 702 467 788 Aristophane
490 701 758 788 πεπορῳδημένων
780 704 847 789 legi
867 713 1013 789 possunt.
1042 708 1190 795 Denique
1200 710 1264 776 huo

188 816 331 900 pertinet
360 817 478 882 Ranar.
504 839 550 882 vs.
582 818 666 899 849,
688 815 744 881 ubi
767 816 949 902 Aeschylus
971 819 1071 887 bilem
1098 822 1133 886 in
1165 823 1263 888 Euri-

189 928 298 1015 pidem
321 929 491 995 effundens
512 929 599 994 inter
621 929 686 994 alia
710 929 790 996 dicit
809 951 883 996 eum
907 935 1063 1015 Κρητικὰς
1095 934 1262 1020 συλλέγειν

187 1041 355 1128 μονῳδίας.
402 1043 467 1109 Hic
500 1063 611 1110 versus
644 1043 725 1111 olim
756 1045 866 1110 minus
888 1051 975 1111 recte
998 1044 1263 1133 intelligebatur,

188 1177 291 1241 quum
333 1157 529 1242 acijeotivum
565 1158 721 1244 Κρητικὰς
754 1157 909 1223 referrent
943 1159 984 1223 ad
1021 1159 1190 1225 materiem
1223 1161 1263 1224 ab

188 1267 347 1355 Euripide
380 1275 552 1335 tractatam
590 1268 625 1332 in
658 1269 770 1334 fabula
803 1269 1011 1335 Cretensibus
1045 1275 1110 1347 aut·
1127 1271 1261 1338 Cressis.

189 1381 381 1469 Fritschius
409 1405 483 1466 vero
517 1383 631 1448 attulit
656 1382 818 1448 Athenaei
845 1362 953 1448 locum
974 1383 1006 1446 V
1036 1404 1110 1469 pag.
1141 1385 1227 1450 181b
1240 1385 1263 1467 ¹,

189 1494 319 1561 atinde
343 1476 453 1562 docuit
475 1497 529 1562 hic
554 1496 719 1582 designari
742 1496 868 1562 cantica
880 1518 962 1582 quae
977 1497 1018 1562 ab
1031 1498 1144 1562 eodem
1156 1505 1263 1564 actore

156 1698 159 1703 ι
190 1612 224 1671 et
245 1613 417 1673 cantentur
438 1615 472 1674 et
492 1608 668 1694 saltentur,
681 1608 790 1696 qualia
804 1609 1264 1698 iropxtparaaCretensibus

189 1741 260 1785 esse
298 1719 431 1786 inventa
470 1727 608 1786 testatur
641 1722 829 1787 Athenaeus
863 1722 930 1805 l.l.,
956 1745 1058 1809 quum
1080 1723 1262 1810 antiquitus

190 1855 228 1898 ea
261 1833 316 1898 lex
350 1833 384 1897 in
418 1855 513 1898 scena
550 1834 673 1920 tragica
694 1835 818 1900 valeret
839 1841 877 1900 ut
901 1835 985 1902 alius
1006 1841 1155 1921 caneret,
1178 1837 1264 1904 alius

190 1946 230 2012 ad
259 1946 327 2032 ejus
350 1947 446 2012 verba
467 1946 618 2032 saltaret,
643 1953 677 2012 et
692 1947 843 2013 inchoris
866 1969 993 2034 quoque
1006 1949 1108 2014 altera
1130 1951 1264 2016 choreu-

191 2065 297 2124 tarum
328 2081 404 2144 pars
428 2067 569 2125 cantum
581 2108 591 2144 ,
619 2061 721 2126 altera
747 2060 954 2126 saltationem
973 2067 1150 2148 perageret.
1202 2064 1266 2128 Pro

115 2197 118 2202 ·
190 2171 347 2256 exemplis
360 2172 476 2238 talium
488 2177 719 2262 ὑπορχημάτων
742 2174 884 2240 citantur
899 2173 1022 2240 Orestis
1034 2196 1080 2240 vs.
1096 2177 1161 2240 982
1172 2197 1241 2262 sqq.
1255 2224 1264 2259 ,

194 2289 278 2352 1369
303 2311 394 2374 sqq.‚
417 2287 584 2354 Phoeniss.
610 2309 656 2354 vs.
684 2291 744 2353 301
772 2310 840 2375 sqq.

236 2401 366 2476 Certum
396 2407 431 2466 et
449 2422 514 2466 nou
538 2401 723 2466 mirandum
747 2407 815 2484 est,
851 2400 1042 2485 Euripidem
1065 2400 1159 2466 valde
1182 2401 1264 2466 dile-

190 2515 278 2579 xisse
312 2514 500 2597 monodias,
539 2535 618 2598 quas
647 2513 881 2598 pulcherrimas
918 2534 1012 2597 saepe
1037 2513 1222 2600 composuit
1238 2520 1263 2596 ²,

190 2627 287 2692 modo
312 2648 352 2691 ne
377 2648 414 2692 ca
434 2627 558 2691 trutina
569 2625 734 2692 examines
747 2647 811 2713 qua
820 2625 963 2692 comicus
975 2674 984 2709 ,
997 2644 1101 2712 neque
1115 2624 1263 2711 profecto

192 2739 329 2825 injuria,
367 2741 548 2825 tragoedias
584 2739 780 2826 perpendere
813 2740 947 2805 solebat.
995 2739 1035 2804 In
1065 2739 1106 2804 iis
1136 2760 1264 2825 quoque

191 2877 294 2940 genus
326 2853 463 2920 canendi
497 2860 632 2939 apparet
664 2852 763 2919 molle
798 2859 832 2918 et
865 2851 994 2935 flebile,
1027 2874 1144 2939 parum
1168 2874 1264 2937 saepo

191 2966 303 3050 virile,
338 2966 502 3032 interdum
538 2988 640 3052 paene
669 2965 879 3051 languidum,
906 2973 940 3031 et
965 2966 1006 3031 iis
1029 2963 1263 3031 blandimentis

192 3079 334 3144 metricis
357 3079 553 3165 musicisque
575 3085 744 3163 ornatum,
767 3101 869 3166 quae,
891 3080 933 3144 ab
945 3079 1080 3165 antiqua
1091 3098 1264 3163 severaque

193 3191 367 3258 sobrietate
399 3213 531 3276 prorsus
560 3191 686 3275 aliene,
719 3191 952 3258 contumeliose
985 3191 1025 3256 ab
1049 3190 1266 3276 Aristophane

194 3310 349 3371 vocantur
375 3309 535 3393 μύρμηκος
556 3306 693 3392 ἀτραποί
705 3309 728 3370 ³.
764 3305 935 3371 Caeterum
972 3325 1053 3390 quae
1080 3303 1121 3382 de
1152 3303 1265 3368 metris

195 3415 327 3482 variatis
346 3416 449 3501 deque
472 3417 599 3482 novatis
621 3417 764 3483 musicae
782 3417 911 3503 legibus
935 3415 1079 3501 (parcius
1091 3435 1189 3500 quam
1210 3435 1267 3480 vo·

194 3533 335 3617 luerem)
366 3530 552 3616 observavi,
586 3532 628 3597 ad
666 3532 835 3598 monodias
867 3553 933 3596 non
966 3530 1076 3596 minus
1102 3527 1268 3616 pertinent

196 3666 293 3730 quam
330 3645 372 3709 ad
410 3643 536 3710 chorica
566 3644 663 3729 μέλη,
698 3667 757 3710 nec
792 3644 844 3710 bis
874 3643 970 3729 juvat
1004 3644 1109 3709 dicere
1142 3641 1264 3726 eadem.

71 3842 75 3848 Ι
197 3758 311 3824 Unum
333 3763 442 3821 tamen
464 3761 514 3822 est
538 3757 624 3842 quod
647 3778 721 3823 cum
744 3758 841 3843 plane
871 3756 915 3822 sit
938 3755 1114 3841 singulare,
1137 3752 1269 3820 silentio

196 3895 262 3938 non
294 3871 579 3957 praetereundumz
610 3872 763 3937 monodia
796 3871 967 3957 (Androm.
1000 3893 1047 3936 vs.
1078 3866 1268 3949 103-116)

232 4089 316 4165 ιΤοῖς
339 4109 385 4171 μὲν
410 4107 456 4157 οὖν
480 4107 578 4170 Κρησὶν
603 4107 619 4167 ἢ
644 4125 670 4156 πε
699 4106 801 4172 ὄρχησις
818 4106 953 4170 ἐπιχώριος
970 4106 1012 4155 καὶ
1029 4106 1057 4154 τὸ
1075 4103 1271 4167 κυβιστᾶν-υ

197 4196 255 4245 ὅθεν
271 4197 312 4245 καὶ
328 4198 429 4260 :parua
445 4197 549 4245 raherius
565 4198 597 4245 τὰ
613 4194 792 4261 ὑπορχήματα.

231 4283 242 4316 ²
258 4287 339 4334 Vetus
361 4286 513 4350 biographus
536 4287 563 4336 in
578 4286 674 4352 proleg.
699 4287 731 4336 ad
750 4287 894 4351 Euripidem
912 4286 998 4349 (Diod.
1015 4285 1081 4348 III):
1099 4289 1154 4342 τοῖς
1169 4282 1272 4349 μέλεσίν

197 4378 267 4427 ἐστιν
283 4375 421 4441 ἀμίμητος,
439 4379 689 4443 παραγκωνιζόμενος
705 4379 764 4435 τούς
780 4378 932 4441 μελοποιαύς
949 4375 1040 4438 σχεδὸν
1057 4374 1166 4430 πάντας.
1353 4365 1356 4372 ’

231 4466 241 4497 ³
258 4465 407 4530 Thesmoph.
424 4481 460 4515 vs.
478 4467 532 4516 100.

1117 4554 1136 4616 8
