3154 5198
601 943 774 1020 CAPUT
802 943 837 1017 Ι.

313 1165 356 1208 DE
379 1164 493 1210 clusis
517 1164 588 1210 ODII
612 1163 851 1210 ARISTOPHANIS
876 1163 910 1208 IN
933 1163 1127 1208 EURIPIDEM.

641 1336 808 1349 mm

229 1489 304 1553 Non
335 1488 448 1571 facile,
474 1489 503 1552 si
524 1486 670 1573 fingendi
693 1486 879 1552 libertatem
903 1484 964 1549 tibi
990 1504 1151 1566 sumeres,
1176 1481 1256 1545 duo-

182 1595 257 1667 rum
288 1602 458 1666 hominum
488 1601 621 1687 ingenia
651 1601 813 1666 delineare
837 1619 949 1685 posses
978 1595 1083 1682 magis
1107 1595 1148 1661 ab
1169 1593 1258 1659 omni

183 1721 276 1800 parte
300 1713 362 1778 sibi
385 1715 561 1799 contraria,
584 1694 685 1801 quam
713 1715 834 1781 summi
858 1713 950 1779 illius
973 1710 1088 1777 comici
1112 1716 1146 1775 et
1166 1731 1258 1795 prae-

182 1829 265 1894 clari
287 1827 376 1892 illius
418 1828 534 1914 tragici
566 1828 674 1908 fuere;
711 1849 815 1913 neque
839 1827 887 1892 ita
909 1833 1019 1892 tamen
1043 1822 1285 1909 discrepantia

185 1949 224 2008 ut
247 1942 497 2027 comparationis
538 1942 760 2011 instituendae
803 1942 888 2009 desit
929 1941 1035 2006 omnis
1070 1937 1261 2025 opportuni-

186 2063 258 2138 tas,
297 2055 399 2121 veluti
437 2056 465 2120 si
503 2055 714 2124 Aristotelem
758 2055 955 2121 Anacreonti
989 2055 1132 2120 conferre
1161 2051 1261 2116 velles

187 2175 246 2234 aut
279 2168 421 2233 Homero
451 2169 720 2234 mathematicum
742 2167 933 2245 Euclidem3
966 2167 1023 2232 sed
1051 2165 1262 2252 quemadmo-

188 2283 269 2348 dum
304 2287 393 2346 ortus
428 2288 461 2345 et
498 2303 621 2366 vesper,
660 2281 708 2347 ita
740 2281 923 2346 diametrali
958 2280 1024 2345 iere
1059 2276 1264 2365 oppositione

189 2396 276 2459 inter
298 2416 332 2460 se
354 2395 480 2460 distant
502 2395 676 2482 Euripides
694 2401 727 2461 et
739 2395 985 2481 Aristophanes.
1025 2377 1088 2458 Hic
1100 2391 1265 2478 gaudebat

190 2507 275 2587 vita,
300 2528 397 2592 quam
421 2505 567 2571 hilariter
587 2529 741 2593 peragere
766 2507 927 2592 optimum
952 2507 1119 2583 censebat;
1143 2527 1266 2592 pronus

192 2620 234 2685 ad
257 2620 376 2702 risum,
400 2641 538 2706 eumque
561 2622 683 2687 salsum
708 2621 838 2707 quidem
862 2621 918 2685 sed
930 2621 996 2685 late
1012 2619 1154 2687 diductis
1166 2620 1265 2685 labris

192 2757 258 2799 non
291 2734 338 2798 ita
373 2734 567 2814 delicatum3
600 2773 643 2783 -
674 2736 730 2800 ille
759 2757 778 2800 a
804 2735 932 2800 laetitia
962 2734 1108 2817 chenne,
1145 2733 1266 2820 partim

193 2848 328 2931 natura,
351 2847 471 2932 partim
493 2869 539 2913 ex,
556 2847 782 2934 philosophiae
797 2869 895 2933 quam
922 2847 1116 2933 sequebatur
1138 2867 1264 2931 praece-

191 2962 280 3047 ptis,
305 2983 345 3026 ne
368 2961 453 3026 inter
475 2962 591 3046 pocula
613 2962 743 3048 quidem
767 2947 871 3027 ridere
891 2960 1048 3043 sciebat¹,
1063 2981 1128 3024 non
1135 2958 1267 3044 jocandi

228 3133 236 3165 ¹
255 3133 401 3185 Alexander
418 3133 526 3184 Aetolus
543 3133 609 3196 apud
626 3133 736 3184 Gellium
754 3133 807 3184 XV
820 3152 826 3184 ι
837 3135 879 3192 20,
895 3134 925 3182 8:

258 3223 271 3270 ὁ
289 3221 309 3272 δ’
326 3221 495 3287 Ἀναξαγόρου
512 3222 631 3286 τρόφιμος
648 3225 724 3285 χαιοῦ
742 3223 866 3287 στρυφνὸς
883 3225 930 3286 μὲν
945 3224 1027 3287 ἔμοιγε
1047 3225 1202 3286 προςειπιῖν,

260 3311 300 3360 καὶ
317 3311 468 3376 μισογέλως,
485 3312 527 3359 καὶ
544 3311 664 3367 τωθάζειν
682 3310 737 3360 οὐδὲ
756 3309 815 3375 παρ’
832 3312 903 3361 οἶνον
919 3311 1079 3376 μεμαθηκώς,

261 3398 319 3448 ἀλλ’
336 3400 349 3449 t
368 3419 391 3448 τι
409 3401 504 3465 γράψαι
522 3400 589 3450 τοῦτ’
607 3401 641 3449 ἂν
657 3399 757 3464 μέλιτος
774 3401 817 3449 καὶ
832 3400 955 3465 σιιρὴνων
971 3401 1101 3465 trecepti.

229 3493 293 3542 Item
316 3493 437 3542 Aelianus
454 3489 530 3550 Vlll,
551 3490 581 3540 13
597 3491 683 3548 tradit,
699 3490 877 3556 Ἀναξαγόραν
892 3493 928 3555 μὴ
945 3491 1060 3557 γελῶντά
1077 3510 1137 3540 ποτε
1155 3491 1270 3554 ὀφθῆναι.

148 3576 152 3583 “
229 3581 271 3629 Ex
295 3579 369 3629 unico
394 3579 500 3644 satyrico
524 3579 637 3628 dramate
661 3579 729 3642 qued
753 3586 860 3628 aetatem
885 3579 953 3638 tulit,
974 3578 1097 3643 Cyclope,
1113 3589 1215 3644 apparet
1231 3595 1271 3629 me

191 3671 278 3734 judice
302 3683 375 3732 quem
400 3668 509 3717 alienum
534 3683 549 3716 a
570 3668 628 3718 lusu
643 3668 747 3732 risuque
762 3668 892 3732 ingenium
909 3669 1026 3718 hebuerit
1041 3668 1182 3733 Euripides.
1214 3669 1270 3720 Non

195 3773 298 3824 possum
314 3757 373 3821 quin
389 3756 563 3820 frigidissimas
579 3770 693 3806 censeam
710 3756 766 3805 illae
783 3756 884 3806 facetias
901 3758 998 3820 tragici.
1020 3758 1074 3808 Vix
1088 3757 1195 3820 jocosior
1212 3760 1273 3810 mihi

196 3849 296 3898 videtur
319 3865 394 3913 qnam
417 3849 589 3914 ludimagister
613 3863 739 3908 morosus,
764 3851 807 3913 qui
831 3865 876 3913 per
893 3860 973 3899 sotum
990 3851 1056 3901 diem
1073 3853 1166 3916 agitata
1183 3854 1284 3912 serula„

197 3948 226 3989 nt
244 3938 356 3988 animum
372 3947 501 3988 resumant
517 3939 631 4002 discipuli
649 3947 795 3998 trementes,
813 3952 897 3990 narrat
914 3942 945 3989 iis
962 3942 1052 4005 aliquid
1070 3933 1175 3993 ridiculi.

231 4028 272 4076 Ex
298 4042 363 4076 novo
385 4034 535 4091 argumento
559 4028 694 4078 Alcestidis
716 4029 781 4091 quod
797 4029 910 4092 praebuit
926 4031 1005 4079 codex
1021 4032 1162 4091 vaticanus,
1178 4034 1273 4098 primus

198 4115 282 4165 effecit
306 4116 422 4168 Glumius
444 4117 507 4165 hanc
526 4117 640 4166 ,sabulum
664 4117 694 4165 ab
711 4117 832 4180 Euripide
848 4132 901 4167 esse
917 4120 1089 4183 compositam,
1106 4136 1169 4185 quae
1186 4124 1274 4173 ultimo

197 4206 254 4254 loco
270 4205 416 4268 tetrelcgiac
434 4221 479 4269 pro
495 4207 599 4270 satyrico
617 4207 725 4255 daretur.
759 4208 799 4256 De
816 4208 862 4256 hac
878 4207 1028 4270 conjectura,
1046 4226 1120 4273 quam
1131 4212 1275 4263 Dindorfius

200 4295 273 4344 Poet.
298 4295 370 4345 Scen.
395 4295 456 4358 prol.
481 4296 512 4344 ed
537 4297 598 4348 Eur.
623 4311 681 4359 pag.
705 4297 735 4344 21
756 4311 841 4346 veram
860 4297 963 4360 judicat,
981 4297 1026 4348 n‘cc
1043 4315 1091 4348 non
1109 4302 1277 4352 Bernlrerdiru

200 4383 247 4433 Gr.
272 4384 321 4432 Lit.
347 4384 385 4443 ΙΙ,
402 4386 426 4442 2,
444 4401 500 4448 pag.
521 4387 566 4434 116
584 4397 609 4433 et
626 4387 671 4433 461
693 4401 754 4448 sqq,
772 4386 940 4436 videndusest
958 4387 988 4437 G.
1015 4390 1277 4454 Hermannusproleg.

200 4473 233 4520 ad
262 4471 363 4536 Cyclop.
389 4488 445 4537 pag.
472 4476 487 4526 7
514 4490 566 4537 sqq.
599 4473 626 4523 Si
654 4489 713 4524 vere
739 4476 830 4526 tradita
855 4484 911 4526 sunt
936 4478 962 4525 in
986 4477 1029 4527 illo
1046 4487 1203 4542 argumento,
1221 4479 1277 4528 hinc
