3154 5198
723 413 742 476 3

191 597 349 684 partium,
385 619 522 683 quarum
555 598 614 662 hae
638 603 786 679 servant,
820 597 897 662 illae
931 605 1081 677 mutant3
1108 597 1167 666 hae
1192 609 1268 667 nota

190 708 335 783 tuentur,
378 700 453 765 illae
487 700 601 786 ignota
635 706 770 786 petunt3
807 701 867 765 hae
893 702 1143 786 auctoritatem,
1173 727 1269 790 saepe

191 805 362 888 serviliter,
393 804 577 886 vindicant,
612 804 688 869 illae
710 804 913 896 libertatem,
946 827 1081 892 eamque
1110 829 1176 872 non
1199 831 1270 872 raro

190 909 362 992 effrenem,
388 945 430 956 -
454 908 568 973 harum
592 907 694 994 igitur
719 907 868 993 partium
884 910 993 974 studia
1008 919 1123 976 mutuo
1135 933 1169 977 se
1181 933 1269 977 oom-

99 1091 102 1098 Ι
191 1013 284 1098 pient
318 1019 356 1078 ut
390 1013 472 1078 arsis
506 1019 539 1078 et
571 1013 690 1096 thesis,
723 1020 760 1076 ut
792 1013 874 1077 duae
897 1013 1010 1079 lances
1035 1037 1115 1100 quas
1139 1016 1272 1101 copulat

185 1115 322 1201 jugum,
348 1120 386 1180 ut
409 1116 539 1200 nigrum
563 1115 758 1201 albumque,
783 1121 816 1180 et
833 1137 1043 1203 quaecunque
1057 1118 1122 1183 alia
1135 1120 1220 1184 inter
1237 1141 1271 1184 se

192 1219 344 1304 opposita
384 1223 418 1283 et
462 1224 572 1283 tamen
611 1218 676 1283 sibi
708 1219 847 1284 invicem
883 1221 1064 1285 necessaria
1104 1221 1271 1286 nominare

192 1342 330 1406 possem.
368 1321 442 1386 Non
466 1327 568 1387 staret
590 1321 752 1404 mundus,
778 1343 818 1386 ne
842 1343 1013 1406 perunum
1027 1323 1157 1409 quidem
1169 1323 1268 1404 diem,

192 1424 258 1489 nisi
290 1425 337 1488 vis
371 1424 597 1509 centrifugalis
631 1432 898 1508 compensaretur
929 1425 962 1489 vi
985 1427 1180 1511 oentripeta:
1205 1449 1270 1492 non

192 1527 342 1592 homines
366 1549 440 1593 vere
463 1528 612 1593 homiues
629 1535 757 1610 essent,
775 1528 842 1594 nisi
858 1528 1022 1595 sentiendi
1040 1529 1158 1594 rationi
1174 1551 1270 1616 quam

192 1630 360 1696 liberalem
383 1631 435 1696 vel
458 1631 633 1696 radicalem
657 1635 711 1716 (ut
725 1632 891 1697 vocabulis
909 1639 981 1697 utar
999 1655 1114 1717 parum
1128 1633 1271 1719 Latinis)

193 1735 357 1820 appellare
386 1734 528 1800 solemus
552 1734 675 1800 sociata
698 1741 784 1800 esset
813 1735 916 1800 altera
939 1757 976 1800 ea
998 1757 1096 1821 quam
1119 1758 1271 1801 vocamus

193 1837 408 1902 orthodoxam
432 1837 484 1902 vel
508 1838 774 1903 conservativam.

241 1941 402 2027 Quicquid
425 1941 459 2005 id
476 1946 542 2023 est,
560 1962 674 2026 operae
690 1963 767 2005 sane
780 1942 921 2026 pretium
934 1943 1063 2019 uidetur
1075 1964 1115 2007 ex
1128 1942 1272 2028 priorum

193 2067 345 2111 aevorum
377 2042 524 2130 reliquiis
558 2044 711 2108 litorariis
736 2045 923 2128 ostendere,
948 2047 1131 2131 antiquitus
1155 2045 1271 2110 iisdem

195 2173 234 2215 ac
257 2149 353 2213 hodie
376 2147 526 2232 procellis
550 2153 676 2213 mantes
701 2148 860 2214 humanas
880 2149 982 2214 fuisse
997 2149 1152 2233 jactatam
1169 2170 1273 2234 neque

196 2253 319 2318 incolas
353 2251 542 2332 civitatum,
578 2272 659 2336 quae
692 2257 768 2316 ante
792 2253 898 2317 multa
920 2253 1050 2318 saecula
1073 2253 1114 2318 ad
1139 2252 1272 2317 Ilissum

197 2357 251 2421 vel
280 2355 322 2420 ad
345 2353 484 2419 Tiberim
514 2352 666 2435 floruere,
698 2360 868 2440 tantopere
892 2379 911 2420 a
935 2356 1029 2421 nobis
1055 2356 1271 2441 discrepasse,
1313 2409 1316 2413 .

195 2458 254 2525 sed
276 2456 429 2523 habuisse
453 2456 564 2521 eadem
591 2456 715 2539 studia,
746 2457 780 2521 in
805 2459 936 2523 eosdem
959 2480 1079 2524 errores
1104 2458 1272 2538 incidisse,

196 2562 311 2627 eadem
334 2559 516 2624 exercuisse
540 2559 622 2623 odia.

241 2665 281 2729 Id
309 2664 474 2728 luculento
508 2663 648 2748 quodam
676 2662 826 2747 exemplo
850 2665 1072 2730 demonstrare
1095 2664 1177 2728 mihi
1198 2685 1272 2748 pro-

195 2767 292 2854 posui
315 2789 356 2832 ex
379 2765 483 2831 literis
509 2766 640 2832 Graecis
664 2767 777 2850 petito.
818 2766 906 2832 Nota
929 2775 979 2833 est
1002 2767 1271 2852 inimicitiaquae

195 2871 380 2936 intercessit
410 2869 496 2934 inter
529 2869 784 2954 Aristophanem
815 2878 847 2934 et
882 2871 1096 2955 Euripidem3
1121 2871 1272 2936 sedtum

196 2976 327 3040 demum
351 2974 449 3059 plane
473 2967 617 3059 intelligi
640 2980 673 3038 et
696 2981 781 3039 recte
799 2973 949 3059 judicari
966 2975 1047 3039 mihi
1072 2995 1167 3060 posse
1183 2974 1272 3039 vide-

196 3087 262 3161 tur,
294 3098 368 3142 cum
399 3076 464 3141 late
496 3075 792 3160 circumspicimus,
830 3099 894 3141 non
929 3078 1035 3142 solum
1061 3077 1215 3163 temporis
1240 3083 1273 3141 et

196 3181 311 3268 populi
345 3180 458 3244 habita
492 3179 636 3261 ratione,
672 3179 727 3244 sed
762 3180 861 3244 etiam
896 3180 1008 3265 legum
1048 3181 1273 3245 universarum

197 3287 315 3371 quibus
340 3288 466 3348 mentes
491 3282 680 3347 mortalium
696 3290 729 3347 et
745 3284 888 3348 humana
903 3292 1021 3349 cuncta
1037 3286 1271 3369 obtemperant.

200 3391 236 3456 Si
267 3390 349 3454 bene
379 3389 556 3471 intuemur,
589 3388 797 3472 agnoscimus
833 3389 1066 3474 antesignanos
1099 3388 1274 3454 earundem

197 3515 297 3580 prope
320 3492 501 3557 factionum
525 3497 558 3556 et
581 3490 791 3575 opinionum,
816 3513 898 3578 quae
916 3514 973 3577 per
989 3498 1092 3557 totam
1104 3491 1272 3557 historiam

199 3602 277 3663 sunt
300 3595 433 3677 obviae,
463 3617 521 3659 neo
546 3593 641 3658 valde
667 3593 832 3658 diversum
854 3595 909 3681 agi
932 3596 1056 3661 bellum
1077 3601 1210 3681 apparet
1234 3596 1275 3660 ab

199 3721 251 3782 eo,
285 3698 371 3784 quod
399 3698 520 3762 nostris
536 3761 539 3768 ,
553 3697 752 3781 temporibus
777 3699 992 3764 multifariam
1018 3707 1165 3765 aestuare
1183 3699 1275 3766 vide·

198 3825 292 3876 mus:
313 3822 434 3865 novum
459 3800 545 3864 inter
566 3806 599 3864 et
622 3800 804 3887 antiquum.
848 3801 1024 3888 Utriusque
1047 3809 1162 3888 poetae
1181 3805 1274 3888 inge-

198 3906 291 3971 nium
314 3913 347 3969 et
369 3903 479 3969 studia
501 3924 568 3968 non
592 3910 731 3989 possunt
752 3904 907 3990 explicari
930 3905 994 3971 nisi
1018 3929 1059 3972 ex
1081 3906 1276 3972 ochlocratia

199 4007 329 4089 Attica,
351 4027 433 4092 quae
457 4027 567 4070 eorum
592 4013 699 4071 aetate
721 4006 897 4092 gliscebat:
923 4009 1001 4074 haec
1025 4017 1198 4093 utrumque
1218 4031 1275 4095 ge-

153 4171 155 4176 .
200 4111 291 4192 nuit,
315 4131 420 4195 neque
440 4131 518 4174 sane
541 4109 677 4174 fortuito
698 4110 806 4175 evenit
831 4119 870 4175 ut
891 4111 978 4176 idem
1003 4110 1157 4196 temporis
1180 4111 1276 4177 breve

200 4213 346 4298 spatium
374 4212 472 4278 ferret
494 4235 568 4277 cum
595 4213 795 4298 tragoediam
821 4213 1032 4299 Euripideam
1055 4222 1125 4278 tum
1147 4215 1276 4281 Aristo-

199 4315 317 4403 phanis
341 4315 540 4380 comoediam
564 4321 720 4394 veterem3
742 4315 799 4381 sed
821 4316 932 4382 eadem
946 4318 1276 4401 vis,eorumsaeculo

202 4419 313 4503 insita,
338 4442 419 4504 quae
444 4418 635 4503 Euripidem
660 4421 798 4504 protulit
822 4420 856 4484 in
880 4421 1002 4506 lucem,
1027 4428 1064 4487 ut
1080 4421 1176 4486 verba
1190 4422 1275 4488 face-

1101 4529 1117 4587 l
1128 4527 1143 4560 l*
