3150 5196
719 391 761 452 25

203 581 254 639 est
285 595 381 660 quam
412 571 543 658 penitus
577 594 688 638 omnes
726 574 909 659 tragoediae
935 573 1057 640 radices
1080 574 1272 658 evellantur,

204 695 237 754 et
268 687 296 754 si
330 687 418 772 quis,
451 687 584 752 semotis
618 686 698 768 diis,
725 694 833 769 tamen
857 709 896 753 ex
920 687 1055 753 materie
1077 710 1140 753 usu
1162 709 1275 754 conse-

204 808 293 869 crata
314 801 396 867 velit
418 804 608 885 componere
631 800 849 886 tragoediam,
872 822 936 866 non
953 802 1028 886 plus
1044 800 1163 866 efficiat
1177 822 1275 886 quam

205 917 388 1002 quicunque
418 914 540 980 esicca
571 913 676 980 farina
696 936 812 999 panem
838 936 972 1000 coquere
996 915 1126 981 studeat
1156 921 1214 980 aut
1237 915 1276 978 de
1369 987 1376 1002 ,

204 1024 337 1115 pulvere
361 1049 491 1094 murum
515 1032 646 1093 struere.

251 1141 460 1227 Euripidem,
497 1163 561 1227 qua
603 1147 671 1206 erat
714 1141 893 1207 calliditate
936 1141 1074 1224 eximia,
1115 1141 1175 1206 hoc
1211 1162 1276 1205 non

206 1261 334 1341 poterat
367 1255 495 1339 fugere3
531 1255 587 1318 sed
619 1254 725 1318 laudis
754 1275 861 1319 amore
892 1255 1008 1320 ductus
1038 1253 1119 1317 mihi
1149 1253 1278 1318 videtur
1315 1238 1317 1242 ’

207 1369 295 1434 viam
317 1366 454 1452 elegisse
477 1388 573 1451 quam
598 1374 730 1450 propter
745 1366 917 1455 scepticam
936 1365 1101 1452 cogitandi
1118 1365 1276 1431 rationem

207 1482 328 1546 evitare
352 1481 523 1557 debuerat:
549 1492 648 1564 utque
671 1479 810 1564 patrium
836 1479 917 1546 dicit
938 1480 1162 1564 proverbium,
1187 1500 1277 1562 cym-

208 1597 283 1659 bam
310 1595 456 1680 ingresso
479 1593 701 1678 remigandum
728 1616 815 1677 esse,
839 1593 892 1660 oui
910 1594 1184 1678 Aristophaneum
1201 1593 1278 1658 sub·

205 1711 343 1796 jungere
385 1709 466 1773 libet
497 1708 670 1792 adagium,
706 1707 898 1772 ebibendam
932 1706 1052 1772 faecem
1096 1729 1222 1792 quoque
1262 1731 1279 1771 e

209 1822 346 1908 poculo,
371 1861 415 1870 —-
440 1827 612 1907 postquam
641 1820 739 1885 semel
762 1821 802 1885 ad
825 1820 1020 1904 Dionysiaca
1044 1821 1219 1886 certamina
1238 1843 1279 1885 se

210 1938 426 2023 applicuerat,
453 1941 490 2002 ut
514 1936 656 2000 vinceret
680 1934 830 1999 omnibus
854 1934 958 2000 modis
984 1936 1109 2017 nitens,
1133 1936 1279 2000 veritatis

211 2051 357 2117 studium
380 2052 566 2137 postposuit
587 2050 725 2135 gloriae,
749 2048 884 2133 stipsis
907 2049 973 2113 illis
996 2049 1058 2114 diis
1078 2071 1158 2134 quos
1171 2054 1280 2114 extare

211 2167 267 2230 vix
289 2172 322 2230 et
348 2187 389 2230 ne
412 2165 468 2229 vix
491 2164 621 2250 quidem
645 2162 811 2245 credebat,
835 2162 868 2225 in
892 2184 987 2226 scena
1002 2163 1164 2245 utebatur,
1179 2183 1280 2247 quum

212 2279 253 2345 iis
277 2259 382 2345 carere
405 2301 468 2342 non
491 2285 602 2363 posset
620 2276 640 2341 ¹.
691 2277 743 2342 Sic
764 2298 837 2341 vero
853 2275 1089 2360 quodammodo
1102 2275 1280 2360 deceptoris

213 2402 320 2478 partes
344 2393 480 2478 agebat,
514 2395 547 2456 ἐν
576 2389 679 2466 στήθει
707 2393 737 2478 γ’
766 2393 870 2478 ἕτερον
896 2395 952 2472 μὲν
980 2389 1113 2460 κεύθων,
1143 2389 1227 2454 ἄλλο
1250 2387 1280 2455 δὲ

207 2503 338 2590 βάζω.
386 2505 421 2572 si
447 2505 519 2590 quis
547 2511 675 2589 autem,
700 2505 812 2570 durius
836 2505 897 2569 hoc
919 2503 1042 2567 dictum
1067 2508 1174 2585 ratus,
1200 2500 1282 2565 mihi

215 2619 364 2705 objiciat,
394 2619 489 2685 licere
520 2625 635 2704 poetae
661 2619 702 2683 ad
728 2618 908 2683 decoranda
932 2639 990 2682 sua
1013 2615 1157 2684 carmina
1177 2613 1282 2680 fictio-

215 2733 310 2798 nibus
336 2733 387 2798 uti
412 2732 529 2819 quibus
552 2731 634 2797 nihil
658 2732 728 2796 veri
747 2731 854 2797 inesse
878 2732 976 2813 sciat,
1000 2730 1056 2795 ille
1080 2751 1188 2795 secum
1210 2750 1283 2813 per-

215 2847 352 2932 pendat,
378 2847 558 2912 aliudesse
580 2847 608 2911 si
634 2846 705 2931 quis
727 2846 894 2911 hodiernus
916 2851 1012 2929 poeta
1033 2849 1161 2909 caneret
1183 2865 1284 2928 paga·

215 2952 330 3026 norum
363 2961 497 3048 antiqua
530 2959 667 3026 numina
700 2959 779 3044 (etsi
813 2960 868 3023 vix
903 2958 1064 3024 inveniret
1094 2957 1151 3043 qui
1186 2957 1283 3020 istam

216 3074 368 3139 cramben
390 3078 550 3138 recoctam
573 3070 887 3158 probarent),·aliud
911 3070 968 3134 ubi
992 3069 1129 3140 Athenis
1143 3069 1176 3132 in
1190 3089 1286 3133 scena
1327 3114 1330 3122 ·

218 3186 341 3272 tragica
362 3187 401 3252 de
422 3188 463 3252 iis
486 3207 590 3252 sermo
604 3191 662 3251 est.
699 3185 750 3250 Ibi
762 3184 801 3249 de
812 3184 875 3248 diis
888 3189 946 3256 aut
957 3184 1038 3248 serio
1048 3182 1212 3267 agendum
1228 3187 1286 3246 aut

217 3301 389 3366 tacendum
414 3304 498 3364 erat:
524 3320 613 3364 mero
636 3297 765 3364 ornatui
788 3319 853 3361 non
876 3296 981 3361 multo
1000 3295 1111 3380 ,aptius
1132 3294 1286 3387 inservire

217 3419 368 3502 poterant
391 3435 487 3499 quam
509 3413 713 3499 evangelicae
729 3411 883 3477 historiae
908 3411 943 3474 in
954 3409 1110 3474 hodierno
1120 3413 1285 3493 poemate3

218 3547 322 3612 neque
350 3525 495 3610 profecto
518 3525 588 3609 ipse
612 3523 785 3610 Euripides
807 3524 854 3588 ita
880 3511 1022 3607 unquam
1044 3541 1175 3586 causam
1199 3539 1286 3584 oras-

220 3645 285 3703 set:
312 3638 340 3703 si
363 3636 562 3703 ostendisset
583 3637 683 3702 talem
712 3636 774 3702 sibi
787 3658 857 3701 esse
871 3635 1087 3716 sententiam,
1102 3632 1287 3718 lapidibus,

219 3758 316 3838 puto,
358 3759 444 3817 esset
476 3751 599 3836 petitus
635 3773 654 3815 a
693 3749 817 3816 civibus
849 3748 1124 3830 Atheniensibus,
1155 3745 1288 3831 pietatis
1378 3757 1397 3778 ³

221 3865 345 3931 scilicet
368 3863 590 3931 sectatoribus.
624 3864 739 3949 Neque
762 3863 902 3958 multum
927 3861 1058 3946 prodest
1087 3859 1191 3925 dicere
1215 3881 1288 3924 cum

223 3978 449 4064 Schlegelioa,
484 3979 518 4042 in
552 3977 705 4063 Euripide
738 3977 876 4042 discerni
902 3997 995 4062 posse
1017 3975 1288 4059 duasypersonas,

256 4190 265 4222 ¹
297 4192 351 4240 “Er
373 4199 456 4240 nutzte
477 4191 516 4240 die
534 4191 588 4240 todt
604 4189 752 4252 gewordene
770 4189 854 4238 Masso
871 4186 988 4251 blossals
1011 4184 1085 4233 einen
1102 4183 1168 4234 Sroff
1181 4184 1226 4232 der
1237 4183 1291 4233 aa·

223 4281 342 4340 flexion‚''
367 4282 461 4331 Baruh.
487 4281 514 4330 ll.
538 4295 595 4344 pag.
622 4282 676 4331 169.
698 4307 730 4316 -
752 4280 817 4330 “Die
843 4278 1008 4342 Mythen....
1039 4289 1122 4324 waren
1147 4273 1292 4323 inhaltleerc

224 4373 312 4435 'l‘ypen
329 4371 491 4436 geworden,”
511 4387 560 4436 pag
585 4373 618 4421 43
634 4385 717 4433 supra.

256 4455 266 4488 ²
300 4462 372 4512 Vorl.
389 4462 449 4510 uber
466 4463 544 4509 dram.
563 4461 645 4509 Kunst
662 4475 684 4508 u.
702 4460 752 4508 Lit.
770 4457 801 4518 1²,
819 4473 874 4521 pag.
891 4459 941 4506 210
968 4482 998 4491 -
1015 4455 1091 4517 Apud
1100 4452 1232 4504 Gocthium
1243 4453 1292 4510 ,sad
