3154 5198
842 399 881 460 72

236 581 239 590 ’
324 589 496 654 445-451
518 586 673 648 ornantur
684 579 825 647 asseclae
838 580 997 665 Socratis,
1013 581 1135 647 cadunt
1146 581 1181 645 in
1193 578 1400 665 Euripidem.

328 701 392 768 Sed
429 696 556 764 abunde
589 699 753 780 praeterea
786 697 837 758 est
869 693 1014 760 locorum
1047 693 1164 780 quibus
1198 691 1401 758 nominatim

326 925 404 991 bula
426 926 567 988 vocatur.

373 1038 412 1114 In
446 1038 547 1103 lionis
581 1038 643 1123 (vr.
681 1043 739 1102 771
776 1042 863 1126 sqq.)
893 1037 1095 1103 amarissime
1117 1038 1242 1102 Aeacus
1267 1043 1398 1115 narrat,
1433 1055 1438 1062 ·

327 1149 533 1235 Euripidem,
562 1171 663 1235 quum
687 1151 720 1215 in
746 1151 873 1217 Hadem
896 1149 1095 1233 devenisset,
1120 1147 1198 1215 artis
1223 1170 1299 1214 snae
1322 1146 1397 1212 edi-

328 1263 415 1329 disse
439 1264 619 1348 specimen,
645 1285 750 1330 coram
769 1265 914 1348 furibus,
931 1264 1053 1330 sicariis
1069 1271 1102 1330 et
1115 1262 1295 1349 parricidis,
1312 1282 1398 1348 quo-

326 1399 398 1442 rum
421 1399 560 1463 magnus
585 1378 631 1443 ibi
654 1379 698 1444 sit
722 1400 894 1457 numerus3
919 1399 974 1444 coe
997 1399 1091 1460 vero,
1115 1375 1236 1462 eloquii
1259 1374 1398 1440 technas

327 1511 523 1576 magnopere
554 1490 748 1575 admiratos,
782 1491 925 1577 palmam
960 1488 1136 1576 sapientiae
1164 1488 1194 1554 ei
1217 1486 1398 1565 detulisse3

326 1624 390 1687 quo
414 1602 569 1689 suffragio
592 1603 716 1669 elatum
739 1625 814 1670 enm
838 1604 901 1670 sibi
915 1603 1100 1689 poposcisse
1115 1601 1251 1684 solium,
1270 1600 1401 1685 optimo

326 1713 472 1779 debitum
507 1721 636 1801 poetae,
671 1716 705 1782 in
740 1738 803 1803 quo
836 1717 1003 1802 hucusque
1038 1715 1175 1781 sedisset
1198 1712 1393 1796 Aeschylus.

327 1826 406 1892 Mox
440 1827 537 1894 ambo
568 1828 684 1915 tragici
716 1828 832 1895 ineunt
864 1836 1025 1895 certamen
1055 1827 1236 1914 poeticum,
1266 1826 1301 1890 in
1332 1846 1401 1910 quo

519 2129 574 2183 πῶς
590 2126 636 2175 οὖν
653 2124 802 2188 ἀπολαβεῖν
818 2126 959 2191 τάργύριον
976 2126 1071 2185 δίκαιος
1088 2129 1123 2187 εἴ,

507 2214 539 2267 ,εἰ
554 2214 632 2278 μηδὲν
649 2213 724 2263 οἶσθα
741 2219 793 2264 τῶν
808 2214 940 2280 μετεώρων
956 2215 1113 2282 πραγμάτων
1118 2233 1126 2276 ;

326 2306 368 2364 (ex
384 2318 433 2367 quo
448 2303 502 2353 loco
517 2302 590 2351 nimis
606 2301 684 2352 multa
699 2302 959 2366 peteremihiridetur
966 2303 1225 2368 astruamur
1233 2301 1317 2367 inire).
1326 2329 1358 2340 -
1367 2302 1402 2352 In

324 2393 372 2442 fine
398 2399 481 2442 autem
506 2392 602 2442 fabulae
624 2393 738 2457 egregios
760 2393 854 2444 fructus
871 2407 951 2443 norae
966 2393 1027 2443 artis
1043 2378 1192 2453 rhetoricae,
1208 2407 1257 2456 qua
1272 2392 1299 2441 in
1315 2391 1401 2444 schola

235 2493 237 2496 ·
325 2481 434 2533 Socratis
457 2482 566 2531 imbutus
590 2490 641 2542 est,
663 2484 783 2544 ostendit,
808 2499 885 2548 quum
911 2484 976 2548 petri
1000 2484 1152 2533 demonstret
1169 2483 1229 2548 jure
1252 2497 1309 2532 enm
1334 2499 1350 2532 a
1370 2497 1401 2533 se

324 2571 453 2636 vapulare,
469 2570 527 2635 quin
545 2571 621 2620 etiarn
636 2580 744 2623 matrem
760 2569 853 2637 pugnis
868 2581 966 2638 pectere
983 2588 1033 2622 non
1048 2572 1163 2628 illicitum
1179 2587 1241 2624 essa

356 2659 499 2710 Pessimum
523 2659 692 2724 mythologice
713 2677 797 2721 usum,
814 2662 905 2727 quaid
922 2662 1006 2727 agitur
1021 2671 1049 2712 ut
1064 2661 1194 2712 hominum
1210 2662 1305 2726 flagitia
1319 2675 1393 2725 prae-

324 2757 443 2800 texuntur
466 2751 570 2800 deorum
594 2757 620 2800 et
644 2751 751 2802 heroum
775 2752 935 2812 auctoritate,
960 2753 1058 2816 saepius
1074 2753 1154 2816 tangit
1170 2752 1351 2816 Aristophanes
1367 2751 1394 2801 in

327 2840 369 2890 illo
385 2840 499 2890 binorum
515 2841 605 2905 Λόγων
621 2840 750 2906 colloquio.
783 2842 825 2893 Sic
842 2857 878 2893 rs.
894 2843 943 2892 904
959 2855 1023 2906 sqq.:

585 2934 640 2988 πῶς
656 2928 733 2992 δῆτα,
751 2930 820 2991 δίκης
836 2931 925 2993 οὔσης,
944 2930 958 2978 d
975 2934 1036 2989 Ζεελς

552 3049 554 3054 ·
586 3019 631 3068 οὐκ
647 3019 786 3070 ἀπόλωλεν
802 3021 848 3070 τὸν
866 3019 952 3084 πατέρ’
970 3019 1051 3070 αὑτοῦ

586 3108 675 3170 oleae

328 3215 363 3247 vs.
399 3198 561 3249 1043-1042
584 3199 702 3262 probatur
727 3198 842 3263 exemplo
865 3198 982 3248 Herculis
1010 3198 1121 3249 thermas
1148 3206 1275 3263 praestare
1301 3198 1400 3264 frigidis

327 3288 435 3346 balneis,
460 3288 592 3337 Nestorem
615 3301 691 3352 porro
715 3286 849 3354 ἀγορητὴν
871 3287 963 3338 imitari
988 3289 1102 3338 dicuntur
1128 3288 1170 3352 qui
1195 3288 1277 3339 forum
1302 3295 1399 3348 terunt;

327 3378 423 3428 ridetur
445 3391 550 3442 parrum
574 3379 639 3442 quod
655 3376 775 3427 Peleoi:
791 3381 839 3438 τῆς
855 3378 1018 3443 σωφροσύνης
1034 3377 1108 3427 rediit
1123 3377 1233 3437 lucrum,
1250 3377 1317 3426 ensis
1335 3377 1399 3426 scili-

328 3477 368 3516 cet
391 3473 417 3515 et
440 3480 506 3515 uxor
529 3466 599 3515 brevi
624 3482 681 3517 eum
706 3467 866 3524 derelictura,
893 3483 970 3532 quum
995 3467 1152 3532 Hyperbolus
1175 3473 1227 3517 tum
1248 3467 1327 3518 multa
1343 3483 1397 3518 cor·

328 3555 416 3604 raserit
439 3555 532 3604 talenta
556 3569 599 3618 per
625 3556 758 3617 πονηρίαν.
794 3556 834 3607 Sic
859 3556 963 3620 deniqne
986 3556 1092 3621 injustus
1113 3557 1156 3608 illo
1172 3564 1253 3608 orator
1270 3557 1398 3608 concludit

328 3659 363 3694 rs.
383 3645 446 3697 1076
461 3659 524 3708 sqq.:

458 3735 578 3798 ἥμαρτες,
596 3731 710 3796 ἠράσθης
716 3768 723 3793 ,
740 3733 889 3797 ἐμοίχευσάς
906 3753 943 3796 rr,
961 3733 1016 3799 κᾷτ’
1033 3735 1150 3800 ἐλήφθης·

458 3822 608 3879 ἀπόλωλας·
626 3819 756 3880 ἀδύνατος
773 3824 820 3887 γὰρ
837 3825 859 3872 εἶ
874 3822 964 3887 λέγειν.
989 3825 1041 3889 ἐμοὶ
1059 3824 1080 3874 d'
1096 3825 1190 3890 ὁμιλῶν

457 3917 509 3976 χρῶ
527 3914 558 3977 πῇ
575 3910 659 3975 φύσει,
678 3913 778 3976 σκίρτα,
797 3911 871 3976 γέλα,
888 3913 971 3977 νόμιζε
987 3913 1066 3978 μηδὲν
1083 3914 1197 3979 αἰσχρόν.

457 4002 547 4063 μοιχὸς
564 4001 612 4064 γὰρ
628 3999 662 4060 ἣν
679 3999 759 4066 τύχης
776 4000 869 4062 ἁλούς,
887 4001 942 4051 rdd'
960 4001 1073 4068 ἀντερεῖς
1091 4005 1156 4069 πρὸς
1172 4004 1263 4066 αὐτόν,

458 4090 490 4147 ὡς
509 4089 581 4139 οὐδὲν
600 4089 727 4150 ἠδίκηκας·
745 4089 787 4140 εἶπ’
804 4091 829 4149 ἐς
847 4092 894 4140 τὸν
909 4091 948 4140 Δί’
965 4092 1150 4159 ἐπανενεγκεῖν,

456 4178 571 4238 κάκεῖνος
589 4180 622 4237 ὡς
639 4180 723 4241 ἥπων
739 4181 830 4244 ἔρωτός
847 4180 899 4230 ἐστι
916 4185 957 4230 καὶ
975 4187 1108 4247 γοναιεῶν·

457 4271 539 4318 καίτοι
556 4272 586 4318 σὺ
604 4269 696 4328 θνητὸς
713 4269 749 4317 ὢν
765 4270 822 4318 θεοῦ
841 4273 896 4328 πῶς
912 4271 998 4334 μεῖζον
1015 4273 1048 4321 ἂν
1064 4271 1167 4332 dducam

364 4357 370 4388 ¹
405 4358 463 4406 Pac.
482 4371 518 4405 vs.
534 4358 595 4416 532,
614 4356 724 4406 Acheru.
741 4372 777 4407 vs.
794 4357 851 4407 398.

362 4446 372 4478 ²
406 4445 517 4495 Acham.
534 4461 572 4494 rs.
589 4447 651 4504 444,
668 4447 725 4496 Pac.
742 4462 777 4496 rs.
795 4448 851 4497 534.
