3180 5196
769 404 830 468 109

259 587 447 654 libertatem
481 587 618 652 antehac
654 587 856 672 incognitam
889 585 952 652 sibi
984 585 1139 668 asseruit,
1164 586 1338 672 stratisque

261 700 325 766 viis
345 698 466 765 relictis
490 720 589 764 novas
612 699 757 783 rhythmi
779 698 899 763 formas
921 698 1043 784 fingere
1070 719 1242 784 aggressus
1268 705 1338 780 est,

262 812 322 878 sed
342 813 456 878 avibus
478 833 594 898 parum
614 810 778 886 secundis.
818 810 954 876 Cantica
975 810 1044 896 ejus
1068 833 1108 876 ex
1132 810 1240 894 parvis
1267 831 1338 875 ver-

262 924 376 992 siculis
406 931 560 990 constant
577 927 599 1008 ¹,
633 925 780 992 brevium
802 925 993 1011 plerumque
1017 924 1216 1009 syllabarum
1239 921 1339 988 refer-

262 1039 308 1104 tis
317 1044 343 1121 ²,
358 1043 392 1103 et
406 1036 592 1124 frequentes
609 1044 786 1103 metrorum
801 1036 1057 1124 permutationes
1076 1037 1263 1116 continent;
1279 1060 1339 1105 nec

262 1151 374 1217 minus
411 1151 446 1215 in
483 1150 686 1216 dimensione
726 1149 930 1236 singulorum
953 1157 1142 1234 metrorum
1175 1151 1340 1216 interdum

262 1270 398 1350 apparet
419 1265 513 1330 mira
548 1264 762 1350 licentiaeque
798 1263 905 1330 vicina
936 1264 1075 1330 varietas
1107 1285 1339 1346 numerorum,

263 1383 303 1443 ut
339 1379 373 1442 in
408 1377 467 1442 illo
504 1399 589 1443 novo
618 1378 782 1445 schemate
817 1399 929 1443 versus
960 1375 1111 1463 glyconei
1147 1376 1233 1462 quod
1255 1378 1337 1444 Rau.

263 1513 313 1558 vs.
351 1494 435 1557 1322
471 1491 512 1556 ab
544 1491 707 1576 Aeschylo
740 1491 950 1577 excerpitur³
975 1496 1008 1556 et
1029 1489 1131 1556 veluti
1152 1495 1341 1574 portentum

265 1604 412 1688 Dionyso
435 1605 617 1670 notandum
641 1605 841 1691 designatur.

293 1777 307 1809 '¹
324 1779 438 1828 Brevitas
463 1786 489 1827 et
512 1779 600 1828 levites
616 1780 642 1828 in
658 1779 782 1844 rhythmis
802 1781 904 1830 comites
920 1780 958 1830 irc
975 1780 1063 1831 solent.
1098 1779 1239 1844 Aeschylus
1256 1788 1343 1828 contra

262 1869 414 1932 longissimis
430 1869 518 1918 metris
534 1870 672 1934 gaudebat,
686 1872 809 1920 deducens
827 1870 922 1920 cantica
938 1873 1097 1935 σχοινοτενῆ,
1114 1877 1142 1918 ut
1154 1877 1210 1918 utar
1224 1869 1343 1918 vocabulo

264 1958 399 2008 Pindarico
418 1957 518 2022 (fragm.
535 1959 696 2024 cithysus).

299 2044 310 2078 ²
326 2045 477 2098 creberrimi
502 2061 523 2096 e.
547 2062 573 2111 g.
598 2048 663 2111 apud
687 2061 744 2096 aum
761 2055 819 2096 sunt
836 2062 921 2098 versus
938 2047 1076 2099 dochmiuci
1093 2049 1118 2096 in
1134 2060 1217 2096 merus
1233 2045 1341 2110 syllabas

264 2137 356 2185 breves
381 2135 467 2195 soluti;
492 2135 555 2184 duos
580 2136 646 2186 locos
667 2135 796 2198 subjiciam
816 2137 947 2201 inquibus
963 2138 1104 2202 complures
1120 2136 1240 2200 ejusmodi
1255 2151 1343 2186 rursus

265 2226 381 2288 deinceps
397 2225 527 2288 leguntur:

299 2313 382 2364 Orest.
399 2329 435 2363 vs.
453 2315 500 2364 149
516 2328 583 2378 sqq.:

623 2406 715 2471 κάταγε
733 2406 826 2471 κάταγε
844 2404 940 2469 πρόσιθ’

622 2494 746 2560 ἀτρέμας,
765 2494 876 2559 ἀτρέμας
891 2495 936 2544 ἴθι.

621 2585 701 2651 λόγον
717 2585 815 2643 ἀπόδος
832 2583 867 2650 ἐφ’
886 2584 899 2633 b
917 2603 941 2634 τι

623 2675 696 2741 χρέος
713 2675 812 2740 ἐμόλετέ
831 2693 902 2725 ποτε.

528 2812 530 2818 ,
623 2766 712 2831 χρόνια
729 2767 778 2831 γὰρ
796 2763 881 2814 πεσὼν

625 2851 661 2902 bd'
679 2853 816 2910 εὐνάζεται.

301 2943 397 3004 Quibus
413 2956 501 2994 versus
518 2943 668 3006 respondent
686 2943 734 2992 162
749 2956 813 3006 sqq.:

622 3031 708 3088 ἄδικος
725 3029 799 3079 ἄδικα
816 3029 867 3079 τότ’
884 3029 923 3093 ἄρ’

624 3121 712 3170 ἔλακεν
729 3119 818 3169 ἔλακεν
834 3119 905 3168 ἀπο-

623 3217 703 3278 ρονον
720 3207 758 3257 ὅτ’
775 3207 817 3256 ἐπὶ
833 3205 933 3271 τρίποδι

625 3295 729 3359 θέμιδος
746 3294 784 3360 ἆρ’
800 3294 897 3344 ἐδίκασε

623 3390 706 3449 μόνον
720 3383 735 3432 ὁ
751 3384 843 3440 Λοξίας

624 3475 687 3538 ἐμᾶς
701 3473 818 3539 ματέρος.

294 3563 393 3630 Helen.
408 3578 445 3616 vs.
462 3565 512 3614 694
527 3578 588 3627 sqq„
604 3577 681 3612 unum
697 3562 841 3633 productam
862 3559 983 3625 syllabam
999 3559 1021 3608 si
1036 3560 1161 3625 excipias,
1178 3575 1227 3610 una
1242 3571 1268 3611 st
1288 3578 1345 3627 qua·

268 3653 384 3716 draginta
397 3654 485 3703 breves
500 3652 690 3702 continuantur:

626 3741 666 3805 ἐμὲ
684 3739 709 3789 δὲ
727 3739 850 3804 πατρίδος
867 3739 921 3788 ἄπο

623 3834 787 3892 κακόποτμον
804 3827 900 3892 ἀραίαν

625 3917 702 3981 ἔβαλε
719 3918 775 3976 θεὸς
791 3916 845 3966 ἀπό
863 3935 887 3967 τε

626 4008 720 4064 πόλεος
735 4004 790 4056 σ’τό
807 4021 833 4054 τε
850 4004 934 4066 σέθεν,

628 4094 670 4145 ὅτε
685 4093 799 4158 μέλαθρα
814 4090 891 4156 λέχεά
908 4091 930 4141 τ’

558 4208 560 4212 ·
625 4185 717 4236 ἔλιπον
733 4183 764 4232 οὐ
780 4179 884 4230 λιποῦσ’

627 4271 667 4322 ἐπ’
684 4270 798 4336 αἰσχροῖς
815 4269 915 4336 γάμοις.

303 4366 417 4416 Fortasse
442 4364 489 4414 huc
515 4362 622 4427 perduct
646 4360 798 4424 Thesmoph.
815 4374 850 4409 vs.
867 4360 917 4410 913
932 4373 976 4423 sq„
992 4359 1023 4408 cf.
1040 4358 1106 4409 infra
1121 4359 1148 4409 in
1164 4360 1244 4412 catal.
1261 4367 1353 4427 parod..

303 4454 314 4487 ³
331 4453 469 4519 lirptbahh’
493 4453 512 4500 ὦ
537 4450 625 4507 τέκνον
643 4449 752 4514 olivae,
769 4456 798 4500 ut
814 4463 860 4513 pro
877 4449 941 4509 basi,
958 4448 1071 4511 legitime
1087 4449 1149 4499 binis
1165 4449 1267 4514 syllabis
1283 4468 1344 4502 con·
