3180 5196
764 376 826 438 126

300 563 337 622 In
368 563 422 621 hoc
449 580 535 622 versu
556 561 647 621 schol.
670 559 804 638 agnoscit
825 557 1024 617 imitationem
1046 553 1103 613 loci
1124 572 1160 612 er
1181 549 1343 628 Euripidis

259 658 402 736 Telepho:

418 757 449 816 τί
470 749 505 824 δ’,
530 753 553 816 ὦ
575 751 690 826 nillum
714 755 752 814 σὺ
773 747 851 834 τῷδε
872 744 1032 812 πείθεσθαί
1052 773 1087 826 με
1108 743 1183 830 hiim

987 840 1099 901 (ragin.
1117 838 1166 889 ιιι
1183 834 1270 894 οισι.)

302 961 440 1024 icharo.
461 979 503 1019 vs.
525 962 597 1020 471:

863 1055 910 1116 καὶ
933 1051 997 1136 γάρ
1019 1049 1073 1130 εἰμ’
1095 1046 1176 1131 ἄγαν

423 1150 582 1237 ὀχληρός,
604 1150 642 1213 οὐ
664 1145 766 1214 δοκῶν
787 1175 822 1231 με
844 1146 1013 1231 κοιράνους
1035 1151 1170 1226 στυγεῖν·

304 1245 412 1305 Scholt
434 1245 564 1326 ἀσήμως
585 1239 802 1329 πεπαρῴδηται
823 1258 858 1300 ex
880 1239 977 1299 Oeneo
998 1235 1158 1315 Euripidis,

991 1332 1103 1395 (magn.
1120 1330 1169 1382 ιιι
1185 1329 1274 1390 nina.)

304 1451 387 1515 lbld.
408 1470 450 1510 vs.
472 1454 543 1511 479:

586 1544 659 1629 κλῇε
680 1546 781 1620 πηκτὰ
803 1541 963 1625 δωμάτων·

306 1631 373 1700 Ηοο
404 1636 624 1697 hemistichium
656 1637 778 1696 fortasse
810 1635 1018 1695 adumbratum
1049 1639 1094 1694 est
1125 1631 1163 1692 ad
1188 1629 1348 1710 Euripidis

266 1753 383 1796 versum
399 1737 549 1793 servatum
565 1731 644 1810 apud
660 1731 811 1792 Pollucem
823 1729 878 1791 On.
890 1731 921 1790 X
932 1736 970 1792 27
977 1755 984 1790 ι
995 1730 1050 1795 λῦε
1065 1730 1165 1800 πηκτὰ
1178 1726 1348 1811 δωμάτωνε

266 1849 341 1910 quae
362 1829 465 1900 verba,
482 1833 517 1887 ut
534 1828 624 1887 etiam
638 1826 767 1887 Acharn.
783 1846 825 1888 vs.
842 1829 901 1887 449
918 1825 1033 1892 ἄπελθε
1049 1822 1169 1891 λαΐνων
1184 1821 1348 1906 σταθμῶν,

268 1924 456 2002 Hartungius
475 1922 601 2000 conjecit
624 1942 658 1981 ex
680 1921 810 2000 Telepho
830 1940 892 1982 esse
912 1922 1016 2000 petita.

308 2080 393 2144 ibid.
414 2099 456 2139 vs.
477 2083 536 2140 496
557 2096 633 2156 sqq.:

430 2177 471 2257 μή
493 2202 546 2258 μοι
567 2173 749 2258 φθονήσητ’,
775 2169 888 2259 ἄνδρες
910 2176 938 2237 οἱ
963 2172 1122 2254 θεώμενοι,

431 2274 454 2334 εἷ
476 2270 606 2355 πτωχὸς
628 2269 673 2334 ὢν
695 2269 783 2334 ἔπειτ’
805 2272 838 2333 ἐν
861 2267 1042 2344 Ἀθηναῖοις
1064 2267 1166 2352 λέγειν

430 2363 536 2447 μέλλοι
557 2370 626 2448 περὶ
650 2374 705 2439 τῆς
726 2364 852 2438 πόλεως
874 2371 929 2424 eto.

313 2461 357 2520 Ex
379 2459 531 2539 Euripidis
552 2459 682 2539 Telepho
703 2479 759 2519 see.
782 2459 884 2520 schol:

432 2561 473 2639 μή
495 2583 548 2638 μοι
571 2553 753 2642 φθονήσητ’,
777 2552 890 2642 ἄνδρες
911 2553 1080 2630 Ἐλλήνων
1102 2555 1207 2641 ι’ἱκροι,

434 2655 456 2714 εἰ
479 2654 610 2737 πτωχὸς
632 2649 675 2715 ὢν
699 2649 817 2725 τέτληκ’
836 2653 868 2715 ἐν
892 2649 1052 2716 ἐσθλοῖσιν
1073 2648 1185 2735 λέγειν·

999 2745 1110 2808 (Ῑθηβῐη.
1128 2745 1173 2795 701
1193 2743 1281 2804 Dlnd.)

315 2873 396 2938 mid.
418 2893 460 2932 vs.
483 2876 554 2932 540:

436 2972 496 3056 ἐρεῖ
516 2997 579 3043 τις,
602 2970 638 3033 οὐ
663 2979 757 3054 χρῆν·
782 2969 868 3034 ἀλλὰ
890 2973 920 3032 ri
941 2971 1038 3054 ἐχρῆν
1060 2969 1170 3032 εἴπατε·

316 3062 361 3122 Ex
378 3063 508 3141 Telepho
525 3063 680 3142 decerptus
694 3063 743 3122 hic
761 3082 862 3122 versus
873 3069 931 3134 est,
945 3068 1019 3121 teste
1030 3062 1121 3122 schol.
1137 3062 1213 3121 Item
1225 3081 1267 3122 vs.
1281 3065 1353 3121 543.

897 3159 1009 3220 (Eragm.
1027 3159 1076 3209 707
1093 3165 1116 3206 et
1133 3159 1182 3210 710
1197 3156 1285 3218 Dind.)

317 3286 399 3349 lhid.
422 3305 463 3346 vs.
486 3290 543 3346 555
566 3305 621 3364 sq.:

436 3382 520 3445 ταῦτ’
543 3379 600 3446 οἶδ’
621 3386 668 3447 ὅτι
693 3381 732 3446 ἂν
753 3379 873 3469 ἐδρᾶτεΙ
896 3384 950 3447 τὸν
975 3379 1005 3448 δὲ
1029 3383 1173 3468 Τήλεφον

438 3476 494 3539 οὐκ
514 3475 677 3558 οἰόμεσθοὶ
699 3485 775 3552 νοῦς
798 3476 846 3564 ἄρ’
868 3479 941 3558 ἡμῖν
962 3479 1019 3541 οὐκ
1040 3477 1094 3541 ἐ’νι»

318 3570 363 3631 Ex
391 3570 520 3650 Telepho
548 3577 647 3632 sumta
668 3579 738 3632 sunt
758 3574 848 3632 verba
868 3573 924 3636 τὸν
950 3568 980 3635 δὲ
1001 3580 1035 3636 T·
1059 3573 1130 3643 nrt,
1153 3579 1226 3633 teste
1247 3573 1357 3644 schol.;

278 3666 399 3727 distichi
419 3666 487 3727 finis
508 3667 624 3745 legibus
645 3667 813 3744 tragoediae
834 3668 964 3728 metricis
980 3687 1041 3728 non
1059 3667 1228 3747 respoudet;
1244 3675 1357 3728 suntne

279 3762 373 3840 igitur
393 3761 464 3822 haec
486 3763 575 3822 verba
596 3762 825 3841 Aristophanis?

1007 3861 1118 3923 (Ersgm.
1136 3862 1181 3913 711
1200 3861 1287 3922 Dind.)

251 4042 253 4048 -
322 3995 406 4059 ibid.
427 4015 469 4056 vs.
492 4001 549 4058 576
572 4016 626 4076 sq.:

643 4093 679 4157 οιί
702 4093 765 4180 γὰρ
788 4095 881 4169 οὗτος
904 4092 1075 4180 ἅνθρωπος
1097 4094 1194 4159 πάλαι

444 4187 570 4251 ἃπασαν
592 4190 680 4269 ἡμῶν
702 4191 758 4263 τὴν
781 4188 878 4254 πόλιν
900 4188 1098 4276 κακορροθεῖ;

325 4279 420 4340 Schol.
442 4280 513 4341 haec
535 4299 650 4360 quoque
672 4301 706 4343 ex
728 4283 858 4361 Telepho
878 4283 974 4363 petita
994 4302 1055 4344 esse
1077 4284 1210 4343 affirmat.

1012 4378 1123 4440 (Eragm.
1139 4379 1187 4430 713
1205 4379 1291 4441 Dind.)
