3154 5198
730 377 798 462 ια’

457 583 520 671 κᾷτ’
544 587 575 649 ἐκ
595 588 716 649 τούτων
737 587 756 659 ἡ
777 584 874 658 πόλις
895 586 983 667 ἡμῶν

458 693 723 776 ὑπογραμματέων
746 689 960 773 ἀνεμεστώθη,

456 800 502 860 καὶ
525 793 734 881 βωμολόχων
757 792 995 878 δημοπιθήκων,

456 897 680 973 ἐξαπατώντων
701 901 757 965 τὸν
779 897 877 982 δῆμον
899 899 964 963 ἀεῖ·

456 1001 604 1087 λαμπάδα
626 1000 652 1068 δ’
675 999 777 1078 οὐδεὶς
798 1005 867 1079 οἶός
888 1031 919 1069 τε
941 1007 1040 1090 φέρειν

457 1107 508 1173 ὑπ’
531 1109 728 1194 ἀγυμνασίας
751 1108 792 1173 ’ἔτι
814 1112 892 1172 νυνί·

217 1249 331 1335 Neque
358 1252 462 1318 multo
484 1252 618 1335 mitian,
642 1253 677 1317 in
699 1252 764 1317 fine
785 1251 914 1318 fabulae
929 1252 1072 1318 advivos
1089 1252 1284 1338 regrediens,

216 1361 257 1427 de
279 1363 366 1430 victo
388 1365 568 1432 adversario
591 1365 766 1431 Plutonem
790 1376 902 1431 monet
922 1367 984 1452 (vs.
1012 1366 1128 1451 1520):

457 1496 594 1576 μέμνησο
615 1490 641 1558 δ’
663 1497 751 1567 ὅπως
773 1497 791 1557 ὁ
814 1499 998 1579 πανοῦργος
1020 1495 1098 1579 ἀνὴρ

458 1601 505 1662 καὶ
526 1593 727 1684 ψευδολόγος
748 1597 804 1662 καὶ.
818 1595 1019 1685 βωμολόχος

459 1695 603 1782 μηδέποτ’
627 1706 669 1777 εἷς
690 1704 746 1768 τὸν
768 1700 865 1769 θᾶκον
887 1706 943 1768 τὸν
965 1706 1038 1786 ἐμὸν

457 1800 528 1888 μηδ’
551 1805 634 1871 ἀκων
655 1803 866 1891 ἐγκαθεδεῖται.
1246 1895 1249 1900 ¹

265 1935 393 2014 Quanto
424 1935 497 2000 odio
526 1934 659 2001 haberet
688 1934 829 2001 comicus
854 1934 1066 2020 Euripideum
1089 1935 1286 2017 facundiam,

219 2049 298 2114 satis
322 2048 407 2113 clare
429 2069 515 2112 nunc
537 2046 687 2112 vidimus.
735 2047 813 2112 dam
836 2046 865 2111 si
891 2068 1002 2132 roges,
1027 2068 1092 2133 quo
1104 2047 1177 2133 jure
1190 2047 1286 2113 Euri-

218 2161 288 2246 pidi
311 2161 487 2226 rhetoricae
505 2160 669 2245 ampullae
692 2165 726 2230 et
740 2159 882 2238 forensia
893 2160 1031 2226 artificia
1042 2162 1285 2247 exprobrentur,

219 2272 387 2338 fatendum
420 2279 471 2337 est
500 2294 574 2338 eum
598 2294 752 2359 perquam
776 2272 945 2338 adamasse
969 2278 1159 2339 ornamenta
1180 2279 1286 2338 orato-

219 2387 286 2470 ria,
319 2392 352 2450 et
379 2385 519 2451 libenter
548 2385 729 2452 ostendisse
759 2386 793 2450 in
823 2384 943 2451 fabulis
974 2387 1059 2468 suis,
1085 2387 1287 2471 quambene

221 2505 331 2564 nosset
354 2497 484 2563 dicendi
507 2504 628 2576 artem,
655 2504 852 2584 quantopere
879 2497 941 2562 sibi
965 2498 999 2561 in
1015 2502 1168 2583 promptu
1179 2505 1289 2580 essent

220 2610 379 2695 ejusmodi
395 2608 571 2695 ἀντιλογίαι
589 2615 635 2676 καὶ
647 2607 799 2694 λογισμοὶ
813 2615 860 2676 καῖ
874 2615 1009 2696 στροφαί
1020 2610 1043 2695 ¹,
1056 2609 1167 2696 quales
1180 2632 1288 2676 exem-

220 2724 269 2809 pli
288 2691 394 2810 gnatia
414 2730 590 2790 cernuntur
607 2725 665 2790 ubi
680 2725 831 2791 brevibus
844 2725 964 2791 dictis³
980 2725 1145 2790 lacessunt
1159 2746 1194 2790 se
1207 2724 1289 2790 duae

220 2858 375 2924 personae
408 2839 565 2923 tragicae,
602 2839 798 2905 tetrametris
831 2845 868 2904 ut
894 2838 1074 2924 plurimum
1100 2837 1288 2921 trochaicis,

221 2971 357 3037 quorum
389 2950 512 3036 singuli
543 2951 668 3017 dictum
702 2963 736 3017 et
767 2973 958 3036 responsum
981 2951 1188 3035 contineant,
1213 2958 1288 3036 aut,

221 3063 278 3130 ubi
310 3063 485 3130 iambicum
513 3070 656 3131 metrum
686 3065 874 3143 adhibetur,
898 3064 933 3128 iu
958 3061 1160 3150 στιχομυθίᾳ,
1185 3064 1217 3129 id
1240 3072 1291 3130 est

222 3177 381 3264 colloquio
404 3178 452 3243 ite
465 3177 614 3244 ordinato
633 3184 671 3244 ut
683 3185 819 3265 utraque
830 3199 969 3264 persona
981 3180 1121 3265 singulis
1135 3179 1187 3244 vel
1204 3172 1289 3244 bi'nis

223 3292 377 3358 trimetris
401 3292 548 3358 absolvat
572 3293 767 3358 sententiam
781 3295 801 3357 ³.
837 3291 900 3358 sed
913 3292 1063 3378 inprimis
1077 3300 1188 3378 captat
1200 3315 1290 3358 occa-

152 3397 156 3404 ’
223 3405 329 3472 aiones
363 3405 576 3472 interserendi
607 3406 675 3471 suis
709 3406 882 3492 tragoediis
914 3407 1094 3491 orationes,
1131 3428 1196 3470 non
1220 3429 1291 3472 raro

256 3652 262 3682 ¹
296 3653 359 3704 nan.
384 3667 420 3708 vs.
445 3655 508 3711 771st
533 3661 683 3718 quapropter
708 3653 890 3717 Aristophanes
916 3668 974 3704 eum
998 3654 1025 3703 in
1042 3657 1148 3719 quodam
1165 3653 1291 3718 deperdito

221 3744 331 3792 narnate
353 3742 543 3807 στρεψίμαλλον
565 3744 614 3802 τὴν
641 3742 733 3806 τέχνην
748 3743 859 3801 vocavit,
880 3743 983 3793 testibus
1000 3744 1098 3795 scholiis
1115 3743 1214 3806 (fragm.
1232 3742 1291 3792 Ari-

222 3830 303 3894 stopb.
319 3831 369 3881 542
384 3831 480 3893 ninia.

256 3918 266 3950 ²
298 3919 355 3968 Nou
378 3920 504 3970 immerito
530 3922 663 3985 Euripides
688 3923 809 3985 gloriatur
833 3921 859 3968 in
876 3921 928 3971 suis
945 3923 1057 3972 versibus
1072 3936 1192 3984 nusquam
1209 3935 1291 3969 occur-

222 4023 277 4059 rere
294 4009 411 4072 στοιβήν,
428 4011 453 4059 id
470 4019 521 4070 est,
544 4026 630 4061 vocem
646 4011 747 4061 inanem
764 4012 927 4060 metricanus
944 4012 1027 4060 versui
1045 4012 1163 4062 insortam
1180 4009 1292 4073 (Belgice

223 4112 269 4148 ean
286 4097 399 4160 stoplup),
416 4098 479 4148 Rau.
496 4113 532 4148 vs.
552 4101 622 4152 1178.

256 4185 266 4217 ³
299 4187 390 4236 Pollux
415 4187 467 4237 IV:
494 4190 540 4238 113
558 4188 794 4253 Στιχομνθίαετὸ
813 4188 872 4251 παρ’
888 4191 916 4237 ’ἐν
932 4187 1050 4251 ἰαμβεῖον
1067 4187 1218 4253 ἀντιλέγειν.
1253 4190 1293 4238 Ι)ο

224 4275 396 4339 stichomythia
411 4278 548 4339 Euripiden
565 4278 670 4339 scriptus
688 4284 727 4328 est
744 4276 808 4326 liber
824 4277 855 4326 ab
873 4278 905 4326 Η.
923 4276 1033 4335 Behrns,
1046 4276 1162 4333 ‚wetular
1182 4277 1251 4336 1864,
1268 4277 1293 4324 in

223 4379 273 4431 quo
297 4366 397 4428 regulae
422 4381 436 4414 a
460 4376 532 4430 poeta
556 4368 581 4415 in
605 4367 695 4418 talibus
712 4365 808 4416 dicendi
825 4366 1000 4418 certaminibus
1018 4367 1162 4416 observatae
1180 4376 1293 4416 accurate

224 4463 391 4519 exponuntur.
