3150 5194
690 946 864 1026 CAPUT
893 949 965 1028 VI.

566 1165 742 1212 nummus
764 1166 883 1213 MORUM
906 1167 1106 1214 OORRUPTOR.

747 1347 923 1363 VWVNAMJVVN

341 1489 421 1554 Post
453 1509 568 1574 graves
606 1488 679 1555 illas
718 1490 937 1556 accusationes
973 1490 1013 1556 de
1046 1491 1240 1558 labefactata
1275 1491 1370 1560 oultn

295 1601 427 1668 deornm
451 1608 484 1667 et
507 1601 546 1668 de
569 1603 796 1669 commendata
817 1603 1000 1688 perniciosa
1022 1603 1185 1689 facundia,
1210 1627 1297 1672 nnnc
1321 1607 1366 1672 ad

294 1737 431 1798 novam,
455 1716 538 1782 hane
561 1737 687 1802 quoque
698 1736 763 1780 non
775 1715 899 1798 levem,
926 1715 1085 1798 venimus,
1108 1716 1372 1793 videlicetlluri-

294 1826 402 1912 pidem
426 1850 530 1894 mores
555 1829 675 1895 civium
698 1827 889 1913 corrupisse.

338 1940 498 2027 Ohjicitur
521 1942 671 2028 Euripidi
696 1942 736 2008 ab
755 1943 918 2026 Aeschylo
936 1943 971 2007 in
988 1944 1153 2007 Ranarnm
1170 1942 1281 2008 fabula
1301 1944 1367 2028 (vs.

295 2057 396 2132 1043)
419 2056 511 2141 qnod·
525 2057 645 2122 abusus
668 2055 712 2122 sit
734 2077 830 2122 scena
852 2054 974 2141 tragica
995 2057 1037 2119 ad
1053 2055 1274 2140 producendas
1290 2061 1372 2145 τόρ-

293 2196 361 2243 νας,
385 2168 565 2236 Phaedram
590 2168 764 2252 nimirum,
793 2168 1001 2253 Melanippen
1026 2167 1118 2233 illam
1140 2168 1372 2254 intempestive

292 2279 586 2366 philosophantem,
617 2282 863 2361 Stheneboeam‚
895 2280 987 2364 alias,
1020 2280 1117 2367 idque
1154 2281 1267 2348 feccrit
1291 2282 1371 2348 odio

292 2392 473 2460 mulierum.
521 2395 617 2460 Brevi
651 2400 735 2480 post,
771 2395 932 2480 impotens
957 2395 1042 2476 irae,
1076 2394 1257 2478 Aeschylus
1287 2395 1371 2461 haec

291 2505 324 2569 in
349 2527 422 2572 eum
446 2509 569 2572 evomit
591 2508 689 2592 (Ran.
715 2530 761 2574 vs.
791 2509 914 2589 1078):
993 2564 1001 2575 .

532 2641 633 2702 ποίων
655 2633 686 2702 δὲ
708 2641 809 2701 κακῶν
832 2637 887 2701 οὐκ
909 2637 1007 2712 αἴτιός
1028 2638 1108 2708 ἐστ’;

531 2741 569 2806 οὗ
590 2745 803 2828 προαγωγοὺς
824 2739 967 2815 κατέδειξ’
989 2735 1083 2816 οὗτος
1095 2743 1125 2813 ¹,
1142 2761 1145 2766 '

532 2851 581 2911 καὶ
602 2850 767 2922 τικτούσας
789 2849 822 2911 ἐν
843 2856 911 2921 τοῖς
932 2846 1067 2932 tapete&

530 2956 577 3016 καὶ
598 2953 788 3036 μιγνυμένας
809 2959 909 3015 τοῖσιν
932 2947 1107 3036 ἀδελφοῖς3
1114 2970 1122 3021 3
1146 2959 1201 3008 ele·

336 3069 399 3134 Hic
435 3074 543 3134 tamen
578 3067 727 3134 dubitare
759 3068 865 3152 possis
890 3067 978 3153 'quid
1014 3068 1174 3153 vituperet
1208 3069 1365 3136 comicus.

291 3182 392 3266 Nam,
427 3203 509 3267 quae
539 3187 609 3248 erat
631 3182 839 3265 antiquorum
862 3180 1044 3264 hominum,
1069 3179 1369 3268 Aristophanisque

290 3317 365 3380 prae
401 3295 535 3380 multis,
571 3295 635 3361 oris
671 3294 820 3377 libertas,
845 3294 900 3358 vix
923 3300 1037 3378 putare
1070 3299 1197 3379 poterat
1233 3316 1365 3360 morum

290 3407 488 3492 corruptelae
503 3407 645 3474 multum
661 3405 737 3472 addi
758 3406 787 3472 si
809 3404 916 3491 palam
930 3427 1034 3470 sermo
1057 3406 1148 3472 fieret
1171 3407 1210 3472 de
1233 3407 1366 3474 adulte-

291 3519 353 3602 rio,
377 3521 417 3585 dc
454 3520 579 3607 virgine
610 3519 725 3585 vitiata
759 3524 793 3584 et
814 3519 855 3584 de
886 3517 1047 3584 similibus
1069 3519 1165 3586 rebus
1188 3520 1362 3606 pudendis.

292 3635 366 3719 Ipse
379 3633 631 3719 Aristophanes,
656 3632 726 3715 cui,
751 3631 833 3696 utin
847 3631 994 3696 Platonis
1008 3630 1165 3697 Oonvivio
1180 3641 1193 3680 ⁴
1207 3631 1364 3699 11111180-

291 3753 406 3830 crates,
432 3752 501 3835 περὶ
521 3747 681 3812 Διόνυσον
702 3749 751 3810 καὶ
776 3740 966 3829 Ἀφροδίτην
987 3749 1072 3810 πᾶσα
1094 3747 1113 3821 ἡ
1133 3742 1289 3832 διατριβή,
1311 3754 1365 3811 tor,

322 3908 330 3938 ‘¹
365 3907 497 3957 Nutricem
514 3906 644 3956 Phaedrae
661 3905 688 3953 in
705 3903 786 3953 tabula
803 3903 946 3967 Hippolyto.

321 3995 348 4028 2‘
366 3999 467 4059 Augen.

321 4084 332 4116 ⁸
365 4086 439 4136 Aeoli
466 4086 533 4136 filias.
568 4087 682 4136 Eandem
703 4088 735 4135 ob
751 4100 850 4136 causam
867 4099 942 4148 supra
956 4099 993 4132 rs.
1010 4083 1060 4132 81111
1076 4083 1166 4133 dicitnr
1183 4085 1279 4150 γάμους
1295 4087 1362 4136 ἀνο-

289 4177 359 4235 σίους
384 4176 490 4242 ἐςφέρων
514 4177 540 4235 ἐς
565 4177 614 4236 τὴν
631 4175 734 4240 τέχνην,
769 4175 872 4228 Scilicet
887 4175 914 4224 in
932 4173 1012 4226 Aeolo
1029 4173 1141 4223 dramata
1158 4173 1236 4237 ἐβίνει
1252 4173 1363 4240 ἁδελφὸς

288 4281 337 4325 την
352 4265 508 4330 ὁμομητρίαν
524 4265 635 4330 ἀδελφὴν
652 4265 776 4327 (Canacen
792 4264 935 4326 Macareus)
951 4261 1018 4311 Nub.
1035 4275 1072 4310 vs.
1093 4261 1266 4321 1371300nser.
1282 4265 1361 4314 etiarn

288 4353 400 4402 aculeata
416 4354 518 4417 parodia
534 4368 619 4404 versus
636 4369 668 4404 ex
686 4355 731 4404 hac
748 4343 876 4418 tragoedia
892 4353 917 4401 in
935 4353 1000 4402 Rau.
1018 4365 1053 4400 va
1072 4351 1143 4404 1475.

322 4444 332 4474 ⁴
365 4445 427 4506 Peg.
448 4445 493 4498 177
510 4445 541 4493 E.
