3180 5196
713 388 752 448 77

197 572 360 659 agitatum
377 571 532 657 juvenem
554 593 721 658 agnoscas.
770 572 809 636 In
835 572 1022 638 Phoenissis
1042 573 1138 638 ambo
1153 571 1269 658 Oedipi
1289 614 1293 620 -

186 686 260 772 Jfilii
284 695 361 750 ante
386 690 525 750 matrem
549 685 704 750 Jo'casten
728 683 865 750 consilia
888 707 947 750 sua
970 684 1163 770 defendunt,
1188 685 1270 750 alter

197 800 291 886 regni
314 799 377 864 sibi
398 797 563 886 servandi,
581 797 663 863 alter
679 795 801 862 auxilio
813 797 971 863 sociorum
984 799 1173 884 occupandi.
1199 797 1270 863 Me·

198 912 260 977 dea
284 911 439 978 adversus
466 910 642 994 dasonem,
668 909 869 996 Hippolytus
892 911 980 997 apud
1002 928 1128 999 patrem
1149 912 1271 976 Thesea

199 1046 331 1090 causam
351 1029 502 1109 agentes,
529 1022 676 1089 Pheretis
699 1044 773 1088 cum
788 1023 929 1097 Admeto
944 1024 977 1088 in
995 1024 1160 1090 Alcestide
1173 1025 1271 1091 alter·

200 1135 284 1202 catio
308 1158 411 1222 paene
435 1136 574 1220 comica,
598 1135 661 1201 tria
676 1142 754 1202 sunt
768 1135 834 1201 alia
844 1137 993 1222 exempla
1005 1138 1083 1212 artis
1094 1138 1271 1203 rhetoricae

200 1248 236 1312 in
257 1248 439 1315 subsidium
459 1248 574 1334 tragici
598 1248 704 1334 operis
725 1255 867 1314 vocatae.
914 1249 1143 1316 Andromache
1159 1250 1273 1316 fabula

200 1360 319 1428 referta
341 1368 392 1428 est
414 1361 630 1445 orationibus,
647 1361 857 1444 Hermiones,
874 1361 980 1447 Pelei,
998 1362 1155 1446 Menelai,
1169 1363 1272 1448 ipsius

200 1473 462 1554 Andromaches3
486 1475 565 1541 haec
587 1474 736 1559 heroine,
761 1475 866 1541 saevis
888 1475 1028 1542 vinculis
1044 1476 1163 1562 ligata,
1177 1476 1276 1542 debet

201 1595 389 1674 exspectare
419 1589 519 1655 donec
544 1589 712 1655 Menelaus
735 1594 768 1654 et
790 1579 907 1654 Peleus
932 1611 966 1654 se
982 1588 1122 1654 invicem
1133 1588 1272 1653 infinitis

202 1701 372 1785 conviciis,
395 1701 551 1767 ducentos
575 1701 642 1767 fere
664 1723 777 1767 versus
801 1700 1031 1785 implentibus,
1056 1701 1136 1767 satis
1153 1700 1273 1766 dilace-

202 1813 364 1899 raverint,
388 1819 422 1880 et
444 1814 560 1880 Peleus
579 1815 711 1880 tandem
727 1814 894 1900 intelligat
908 1836 973 1880 non
987 1815 1093 1881 verbis
1107 1814 1163 1881 sed
1178 1813 1273 1880 factis

203 1947 286 2010 opus
307 1946 385 1993 essa
425 1926 500 1992 Non
522 1927 630 1994 minor
652 1928 854 1993 abundantia
876 1928 1059 1993 orationum
1076 1927 1175 1993 estin
1189 1927 1274 2011 Sup-

202 2038 352 2124 plicibus.
402 2039 442 2104 In
472 2039 583 2105 Troasi
597 2028 599 2032 ¹
613 2040 740 2106 Helena
769 2040 857 2125 apud
886 2041 1072 2107 Menelaum
1097 2040 1274 2127 pristinum

204 2151 360 2218 maritum
381 2157 451 2218 orat
475 2174 625 2238 causam,
649 2161 822 2220 accusante
845 2154 989 2220 Hecuba.
1028 2154 1069 2218 In
1090 2154 1275 2220 Heraclidis

205 2265 318 2330 statim
342 2269 418 2349 post
442 2264 614 2350 prologum
635 2265 823 2332 instituitur
845 2265 1025 2331 rhetoricus
1049 2265 1200 2351 dialogus
1224 2266 1276 2331 in·

190 2382 256 2443 ter
278 2375 454 2462 Eurysthei
476 2398 667 2462 praeconem
678 2377 803 2464 (loprea
819 2387 852 2443 et
868 2378 1013 2461 Iolaum,
1030 2400 1137 2444 coram
1155 2379 1276 2444 Demo·

205 2491 349 2576 phoonte
369 2512 444 2576 rega
464 2491 678 2557 Athenarum.
729 2491 769 2556 In
793 2491 920 2557 Helena
935 2491 1063 2575 fabula,
1081 2496 1119 2555 ut
1135 2490 1276 2556 Menelai

206 2604 294 2669 vitae
324 2609 490 2689 pareatur,
523 2605 593 2689 ipse
623 2609 657 2670 et
684 2626 764 2670 uxor
789 2604 917 2670 Helena
944 2604 1052 2690 longis
1075 2604 1276 2670 orationibus

206 2723 380 2803 precantur
410 2740 430 2782 a
452 2719 599 2783 Theonoe
621 2719 707 2804 regis
732 2739 849 2784 sorore.
896 2719 935 2782 In
963 2718 1124 2784 Herculis·
1139 2719 1277 2784 furentis

207 2829 303 2896 initio
328 2831 413 2895 inter
436 2829 560 2914 Lycum
584 2835 617 2895 et
632 2830 906 2916 Amphitryonem
919 2830 1056 2896 habetur
1065 2824 1276 2916 colloquium,

209 2944 321 3010 eodem
356 2944 460 3009 colore
492 2943 614 3009 forensi
647 2943 826 3027 imbutum,
854 2943 975 3029 judicis
1002 2951 1111 3029 partes
1140 2945 1279 3011 obeunte

209 3057 305 3123 choro
337 3058 448 3143 (quem
479 3080 520 3123 ex
552 3057 684 3123 senibus
716 3057 889 3143 decrepitis
922 3063 1127 3124 constantem
1152 3059 1278 3123 mireris

208 3170 363 3237 adversus
393 3177 570 3255 tyrannum
593 3171 717 3254 Lycum
741 3170 864 3236 hiscere
887 3170 1032 3254 audere);
1057 3170 1092 3234 in
1115 3171 1181 3236 fine
1204 3192 1279 3236 vcro

209 3284 307 3370 hujus
336 3285 520 3372 tragoediae
547 3285 675 3351 utinam
699 3284 899 3351 brevioribus
923 3284 1124 3351 orationibus
1149 3291 1278 3352 uteren-

210 3403 275 3463 tur·
289 3399 443 3464 Hercules
467 3399 508 3464 ad
532 3398 762 3464 declarandum
788 3420 822 3464 se
844 3399 927 3464 mori
948 3398 1050 3482 velle,
1074 3399 1216 3465 Theseus
1238 3399 1281 3465 ad

210 3511 474 3578 dissuadendum.
523 3513 609 3593 Quid
640 3513 746 3579 dicam
775 3513 815 3578 de
845 3513 903 3579 illa
932 3512 1043 3600 λόγων
1066 3511 1199 3600 ἁμίλλῃ,
1223 3534 1281 3598 per

210 3630 342 3690 centum
357 3631 391 3691 et
405 3613 644 3711 quinquaginta
659 3646 769 3690 versus
780 3605 960 3710 protiacta,
973 3625 1059 3690 inter
1072 3625 1280 3710 Clytaemne-

212 3742 313 3802 stram
335 3737 504 3804 humiliter
526 3738 713 3824 loquentem
736 3744 769 3804 et
787 3738 951 3805 Electram
968 3739 1137 3826 sanguinis
1151 3739 1281 3804 avidam

211 3873 271 3917 nec
289 3850 372 3938 jocis
396 3852 821 3918 crudelibus·abstinentem
838 3853 870 3917 ¹?
915 3853 1039 3918 Eadem
1064 3852 1194 3918 Electra
1216 3871 1281 3916 non

212 3966 309 4030 modo
336 3966 371 4029 in
396 3965 505 4030 vivam
538 3972 675 4046 matrem
710 3965 767 4031 sed
799 3964 897 4031 etiam
929 3966 963 4030 in
993 3971 1157 4030 mortuum
1180 3965 1281 4050 Aegi-

212 4077 325 4143 sthum
347 4077 444 4143 habet
467 4078 646 4144 orationem
661 4079 683 4144 ².
733 4079 796 4145 Sed
815 4078 886 4164 jam
910 4079 990 4144 satis
1011 4078 1116 4144 multa
1133 4076 1283 4162 exempla

178 4225 184 4234 ·
213 4189 385 4256 attulimus
409 4191 511 4256 studii
534 4191 603 4276 ejus
622 4191 805 4277 judicialis,
827 4213 931 4276 neque
946 4212 986 4255 cx
1000 4191 1154 4257 dramatis
1169 4190 1282 4275 deper-

247 4375 254 4406 ¹
289 4375 348 4425 Vid.
365 4376 460 4425 Electr.
477 4391 513 4425 va.
533 4378 602 4430 1127.

247 4461 258 4494 ²
291 4465 384 4515 Electr.
401 4481 438 4514 vs.
456 4467 594 4518 907-956.
633 4518 636 4525 ,
