3180 5196
701 418 743 478 99

143 646 148 655 -
175 625 307 688 quoque
345 603 379 666 in
410 605 503 686 parte
525 598 594 684 ejus
619 616 750 664 causam
774 605 936 685 tueretur,
961 603 1113 688 exceptis
1128 608 1258 671 tantum

178 717 337 782 Barnesio
371 721 405 780 et
425 713 611 798 -Lessingio
637 713 765 778 Horum
789 715 946 799 alterum,
972 716 1104 781 doctum
1127 717 1259 802 quidem

177 831 239 895 sed
261 851 377 915 parum
401 827 527 894 subacti
550 826 675 911 ingenii
697 826 864 912 Anglum,
889 829 941 894 hio
964 829 1103 894 missum
1119 830 1257 910 faciam3

176 944 263 1009 alter
285 965 380 1026 vero,
406 941 462 1026 qui
491 941 532 1004 ad
555 939 696 1005 scenicas
720 961 770 1006 res
794 940 1018 1026 dijudicandas
1042 948 1113 1008 tum
1139 965 1259 1029 magua

176 1059 361 1124 eruditione
385 1063 454 1122 tum
478 1055 584 1119 multo
607 1075 670 1120 usu
693 1058 761 1120 erat
784 1055 1028 1140 paratissime,
1042 1078 1119 1122 sene
1138 1055 1258 1142 dignus

176 1178 231 1238 est
255 1172 296 1236 ad
319 1170 409 1255 cujus
434 1168 621 1253 opinionem
643 1188 719 1232 mox
742 1168 959 1233 attendamus.

227 1285 263 1351 Si
286 1283 387 1370 igitur
409 1281 600 1369 inquisituri
623 1302 754 1366 sumus,
781 1282 899 1367 quibus
923 1283 1014 1348 vitiis
1037 1283 1163 1369 prologi
1191 1283 1259 1348 Eu-

179 1397 298 1482 ripidis
330 1397 495 1477 laborent,
524 1393 596 1479 jam
630 1393 744 1458 statim
778 1394 927 1460 videmus
963 1417 1018 1460 eos
1039 1417 1112 1461 esse
1134 1395 1260 1481 aliquid

178 1511 277 1596 plene
300 1510 375 1576 novi
392 1511 412 1574 ¹.
437 1507 589 1574 Notabile
612 1505 763 1599 inprimis
786 1508 868 1572 mihi
891 1509 1040 1592 videtur,
1059 1509 1121 1575 hoc
1136 1523 1260 1595 quoque

179 1625 312 1690 nomine
337 1622 502 1709 Euripidis
525 1621 653 1693 fabulas
677 1621 719 1686 ad
739 1642 859 1686 novam
875 1623 1077 1688 comoediam
1095 1621 1259 1705 accedere,

125 1758 133 1764 ’
179 1738 216 1802 in
252 1758 316 1823 qua
348 1735 450 1801 moris
471 1733 573 1800 fuisse
602 1755 642 1798 ex
665 1733 849 1799 imitatione
873 1735 1066 1801 Latinorum
1089 1736 1260 1817 novimus,

180 1857 220 1914 ut
243 1855 418 1934 autequam
441 1845 624 1912 diverbium
646 1844 869 1930 inchoaretur,
894 1848 1082 1932 monologio
1103 1848 1259 1933 velprae-

179 1963 306 2028 fatione
328 1984 365 2028 ea
388 1966 613 2028 enarrarentur
636 1961 871 2046 spectatoribus
897 1961 937 2026 de
960 1963 1212 2058 temporaloco
1227 1968 1261 2027 et

181 2076 312 2142 fabulae
334 2077 480 2162 personis
504 2096 586 2160 quae
608 2095 877 2160 praecognoscere
893 2097 1061 2140 necessum
1074 2081 1167 2141 esset.
1186 2076 1261 2140 Non

181 2189 297 2254 dubito
328 2191 407 2275 quin
438 2195 524 2254 recte
550 2187 723 2272 judicent²
745 2188 864 2273 quiex
885 2189 1031 2254 novitate
1052 2195 1260 2274 argumento·

181 2325 257 2367 rum
287 2324 418 2368 causam
445 2302 542 2387 hujus
565 2301 710 2367 instituti
732 2307 899 2387 repetunt3
917 2323 993 2367 nam
1016 2301 1118 2368 donec
1141 2301 1262 2367 tradita

182 2417 411 2483 tantummodo
432 2417 502 2482 sine
524 2415 705 2482 mutatione
729 2415 970 2499 tractabantur,
996 2416 1048 2481 vel
1070 2416 1142 2501 ipso
1162 2415 1261 2481 titulo

69 2613 74 2632 .
182 2531 340 2596 dramatis
364 2531 476 2595 audito
499 2533 693 2615 spectatores
720 2550 758 2593 ea
781 2528 928 2634 sciebant
951 2549 1034 2614 quae
1058 2530 1098 2594 ad
1115 2528 1261 2595 fabulam

182 2644 266 2708 bene
306 2643 553 2729 intelligendam
596 2642 797 2720 sufficerent3
840 2648 1014 2727 postquam
1052 2663 1128 2708 vero
1161 2643 1262 2708 veteri

183 2759 368 2844 tragoediae
390 2778 475 2822 nova
497 2755 652 2821 suecessit
674 2755 840 2820 comoedia
863 2758 945 2840 quae
968 2755 1003 2819 in
1023 2755 1149 2823 fictitiis
1165 2756 1262 2842 plane

183 2870 385 2956 argumentis
419 2869 629 2954 personisque
662 2869 865 2953 versabatur,
900 2869 940 2934 de
963 2868 1014 2934 his
1039 2867 1149 2954 aliqua
1169 2889 1261 2954 prae·

183 2983 324 3048 monitio
356 2982 532 3048 debebatur
565 2983 757 3066 spectatori,
782 2982 862 3046 talia
884 2981 950 3047 fere
972 2981 1188 3067 complectens
1213 2981 1264 3067 uti

184 3119 273 3162 nunc
307 3096 459 3182 leguntur
492 3096 527 3159 in
561 3095 682 3161 tabella
716 3096 806 3181 prelo
830 3116 966 3176 excusa,
995 3117 1076 3180 quae
1100 3095 1263 3159 theatrum
1343 3157 1346 3160 ,

184 3209 385 3274 intrantibus
428 3207 534 3273 offerri
575 3209 665 3273 solet.
711 3207 883 3293 Euripides
916 3213 1044 3290 autem,
1083 3227 1171 3272 more
1205 3229 1263 3272 suo

185 3321 332 3386 medium
355 3322 516 3408 quendam
539 3343 668 3388 cursum
693 3327 819 3403 tenens,
842 3321 950 3386 multa
971 3343 1102 3406 prorsus
1126 3343 1211 3407 nova
1230 3328 1263 3387 et

186 3458 207 3501 a
242 3457 276 3501 se
307 3431 384 3502 fieta
416 3436 554 3502 inseruit
588 3435 731 3520 antiquis
766 3435 932 3517 historiis,
961 3435 1008 3500 ita
1030 3443 1068 3501 ut
1090 3456 1261 3520 personae,

187 3570 268 3634 quas
302 3549 393 3614 ducit
426 3550 461 3613 in
499 3569 639 3631 scenam,
679 3547 843 3614 interdum
883 3547 967 3614 nihil
995 3553 1122 3632 praeter
1143 3568 1262 3614 nomen

188 3685 206 3726 e
241 3661 370 3726 traditis
406 3660 644 3727 narrationibus
680 3660 887 3727 servaverint.
929 3659 1017 3726 Haec
1051 3661 1176 3746 igitur,
1198 3662 1263 3727 nisi

224 3845 232 3877 ¹
249 3847 401 3906 Mommsen,
426 3845 499 3900 Rom.
524 3847 626 3900 Geseh.⁶
647 3850 675 3907 Ι,
691 3863 748 3914 pag.
764 3851 825 3900 908:
851 3849 918 3900 “Die
934 3848 1073 3898 liederliche
1089 3848 1194 3906 Munier,
1216 3850 1264 3896 den

189 3938 309 3986 “Knoteu
326 3936 405 3986 durch
422 3938 471 3987 deu
487 3937 581 4001 Prolog
597 3954 629 3987 uu
645 3938 764 3988 sohiiruen
780 3940 831 3987 und
848 3938 925 3988 durch
941 3939 996 3987 eine
1008 3935 1265 4000 Gorterersoheinung

190 4027 266 4075 “oder
290 4026 346 4075 eine
374 4025 487 4076 thuliche
511 4025 655 4090 Plumpheit
680 4041 710 4076 zu
735 4028 816 4085 lbseu,
838 4027 881 4076 hut
897 4026 967 4076 recht
983 4023 1116 4090 eigemlich
1133 4023 1265 4089 Euripides

190 4113 392 4178 “ausgebracht.”

223 4201 235 4234 ²
252 4203 407 4268 Schlegelius
425 4205 461 4265 (5⁶
477 4203 624 4268 Vorlesung
644 4205 705 4253 iiber
721 4205 798 4253 dram.
816 4205 900 4254 Kunst
916 4203 967 4252 und
983 4203 1052 4266 Lis),
1065 4202 1096 4253 G.
1106 4203 1265 4254 Hermunnus
1361 4257 1365 4266 ¹

191 4291 279 4354 (praef.
302 4295 333 4341 ad
359 4291 433 4356 Soph.
459 4293 552 4342 Electr.
575 4307 634 4357 pag.
660 4293 709 4356 X),
730 4293 764 4342 K.
788 4293 818 4344 Ο.
836 4293 958 4343 Mullorus
976 4292 1029 4355 (Gr.
1046 4291 1108 4341 Litt.
1124 4291 1207 4356 gesch.
1224 4291 1265 4350 ΙΙ,

192 4393 217 4442 p.
236 4383 305 4445 loo);
320 4382 408 4446 quibus
421 4381 592 4446 obloquentem
601 4378 745 4447 Pflugkium
754 4381 790 4443 (iu
800 4397 844 4432 suu
852 4382 980 4445 Euripidis
989 4381 1102 4440 editione,
1111 4395 1135 4444 p.
1144 4381 1265 4432 XXXVI

192 4471 370 4536 praefationis),
388 4487 436 4536 ego
453 4472 595 4534 intelligere
611 4487 659 4520 uon
676 4472 752 4535 potui.
