3154 5198
785 373 826 433 ot

270 561 387 626 Nonne
418 579 557 623 naevum
588 577 716 643 quoque
745 554 890 619 dicemus
919 552 953 616 in
985 571 1115 638 corpore
1136 549 1271 633 pulchro
1294 550 1348 614 in-

271 673 497 758 tempestivam
521 691 631 735 suram
655 665 932 754 Agamemnonis,
956 666 1024 751 qui,

664 781 744 845 dum
765 785 916 866 pugnant
942 798 1062 862 rexque
1084 782 1252 862 paterque,

334 925 336 932 ·
368 898 557 982 diverseque
580 895 716 960 trahunt
738 914 841 958 unum
865 891 929 955 duo
956 888 1091 954 nomina
1111 894 1242 974 pectus,

272 1012 311 1076 de
341 1009 540 1076 astronomia
570 1006 695 1072 scilicet
722 1005 901 1088 sollicitus,
936 1024 1053 1074 nornen
1086 1001 1216 1086 stellae,
1245 1025 1346 1088 quam

272 1145 368 1209 supra
396 1129 494 1209 capnt
529 1121 636 1204 videt,
670 1139 861 1204 cognoscere
882 1116 1009 1182 laborat
1021 1115 1040 1179 ¹.
1090 1114 1203 1181 Unum
1225 1115 1345 1179 addam

271 1235 457 1322 exemplum
490 1231 708 1320 philosophici
741 1229 843 1296 studii
877 1227 1157 1316 importunissime
1186 1228 1345 1312 adhibiti,

271 1323 315 1414 011Ι
345 1346 513 1433 tragoedia
541 1344 719 1431 Euripides
751 1365 834 1430 quae
864 1349 974 1408 tamen
1002 1342 1086 1407 inter
1109 1341 1251 1426 optimas
1270 1341 1369 1426 jure¹

271 1467 471 1545 recenset-nr,
511 1459 692 1546 Hippolyto
726 1458 892 1522 nimirum.
940 1456 1088 1521 Phaedra
1123 1454 1199 1538 illa,
1233 1475 1344 1540 quam,

272 1575 409 1642 Veneris
443 1573 591 1660 potentia
618 1572 804 1654 vecordem,
837 1568 1087 1656 aphilosophia
1108 1567 1346 1634 alienissimam

271 1688 410 1770 dixeris,
444 1692 556 1752 contra
584 1684 750 1749 “insanire
776 1689 870 1768 parat
892 1687 980 1748 certa
1001 1680 1126 1746 ratione
1150 1681 1344 1766 modoque.''

272 1801 357 1867 Mihi
380 1799 512 1887 quidem
538 1798 687 1885 ineptum
714 1796 861 1880 videtur,
887 1796 973 1882 quod
1003 1795 1213 1862 semimortua
1236 1817 1345 1860 amore

272 1919 305 1978 et
327 1912 470 1998 plurium
494 1911 620 1976 dierum
647 1909 774 1994 inedia,
798 1915 973 1996 postquam
1005 1931 1100 1996 aegre
1130 1916 1164 1975 et
1188 1909 1345 1995 tergiver-

272 2030 381 2090 santet
404 2025 546 2110 ,pectoris
582 2025 633 2089 sui
667 2045 818 2089 areanum
856 2023 1004 2090 confessa
1033 2029 1099 2107 est,
1135 2046 1207 2090 ecce
1236 2023 1345 2090 neseio

271 2160 336 2224 qua
366 2144 436 2203 arte
465 2137 498 2201 in
529 2137 761 2224 philosophum
787 2159 957 2222 conversa,
982 2137 1111 2205 refectis
1135 2138 1243 2204 subito
1267 2135 1345 2200 riri-

271 2250 331 2316 bus
366 2256 399 2316 et
432 2250 502 2316 sine
540 2250 642 2315 nimio
679 2250 782 2315 enimi
816 2256 925 2334 motu,
959 2249 1028 2316 edit
1049 2251 1184 2337 longam
1209 2271 1344 2334 eamque

272 2366 514 2450 γνωμικωτὰτην
548 2365 724 2429 orationem
761 2365 802 2430 de
834 2365 957 2450 optimo
986 2365 1083 2430 modo
1110 2363 1229 2429 amoris
1256 2384 1343 2428 conr-

271 2479 424 2564 pesoendi
450 2486 511 2556 (vs.
538 2479 743 2564 373-430),
767 2477 852 2542 bona
872 2500 952 2544 sane
978 2483 1149 2562 praecepta
1171 2477 1341 2544 eontinen-

272 2597 358 2673 tem,
382 2591 558 2654 dummodo
581 2612 622 2655 ne
644 2612 684 2655 ex
708 2590 873 2656 Phaedrae
898 2612 951 2656 ore
983 2591 1179 2656 audirentur.
1218 2591 1345 2675 Exspe-

273 2710 376 2770 ctares
399 2725 470 2768 eam
486 2700 545 2779 tin
566 2703 635 2768 ποτ’
658 2703 769 2778 ἄλλως
790 2705 902 2778 νυκτὸς
924 2707 957 2768 ἐν
978 2709 1083 2790 μακρῷ
1103 2705 1212 2790 χρόνῳ
1225 2724 1290 2767 11011
1306 2702 1347 2766 tle

272 2816 505 2904 philosophicis
534 2817 778 2903 quaestionibus
811 2818 868 2883 sed
895 2818 1001 2904 magis
1031 2819 1071 2883 de
1098 2818 1219 2902 juvene
1249 2837 1346 2901 quern

273 2931 440 3016 deperibat
484 2913 696 3015 cogitavisse3
739 2930 812 3015 jure
851 2930 934 2995 illud
972 2932 1057 3018 quod
1105 2932 1186 2997 dicit
1227 2930 1347 2996 nutrici

275 3045 337 3128 (vs.
379 3045 477 3130 518):
516 3041 632 3138 diddo(
673 3048 760 3119 ὅπως
791 3072 844 3127 μοι
875 3047 916 3127 μὴ
950 3045 1025 3110 λίαν
1055 3049 1155 3131 φανῇς
1187 3048 1283 3132 σοφή,
1311 3043 1345 3106 in

274 3158 379 3242 ipsam
409 3157 597 3242 detorquere
618 3156 741 3242 possis!
790 3157 957 3237 Quantum
988 3161 1116 3222 mutata
1147 3163 1197 3222 est
1227 3156 1348 3242 frigida

274 3271 353 3334 haec
387 3269 421 3333 in
454 3291 550 3335 scena
580 3269 802 3355 magistraab
826 3269 1004 3356 illaquam
1033 3277 1101 3335 tam
1124 3270 1255 3357 egregia
1278 3279 1347 3335 arte

274 3365 433 3467 primum
448 3382 644 3466 produxerat
674 3391 771 3467 poeta
801 3404 909 3447 amore
939 3382 1151 3467 languentem
1183 3389 1215 3448 et
1244 3405 1348 3468 paene

275 3493 436 3559 furentem
459 3495 643 3560 mulierem!

323 3606 386 3672 Sed
410 3629 450 3670 ne
474 3607 507 3670 in
532 3607 680 3694 ingrato,
704 3630 768 3694 quo
792 3631 878 3674 nunc
901 3607 1039 3694 fungor,
1055 3610 1197 3675 censoris
1213 3631 1347 3676 munere
1409 3635 1411 3644 ’

277 3719 409 3785 modum
442 3721 611 3804 excedam,
638 3723 734 3808 plura
758 3744 823 3788 non
846 3721 977 3789 afferam
1001 3725 1161 3810 exempla,
1185 3731 1347 3790 caeterum

276 3834 433 3900 facillima
455 3834 610 3920 collectu,
634 3858 709 3901 cnm
733 3837 787 3900 vix
812 3836 880 3901 ulla
902 3837 946 3902 sit
969 3837 1091 3923 pagina
1114 3836 1290 3923 Euripides
1311 3837 1347 3900 in

311 4141 319 4172 ¹
352 4141 495 4190 videantur
518 4141 593 4204 primi
619 4156 706 4192 versus
728 4143 873 4208 Iphigeniae
890 4145 1049 4205 Aulidensis,
1065 4145 1135 4210 cnjus
1151 4145 1251 4195 initium
1267 4153 1346 4195 00010-

278 4230 366 4294 roquin
381 4231 516 4279 multarum
532 4229 672 4279 fabularum
689 4231 881 4296 Euripideemm
898 4235 1049 4297 expositioni
1066 4241 1192 4298 praestare
1209 4233 1346 4284 mihivide-

279 4329 332 4378 tur,
353 4319 399 4368 etsi
416 4333 464 4367 non
481 4317 564 4368 nescio
580 4334 654 4382 quam
670 4320 768 4371 diverse
785 4322 916 4372 statuerint
931 4324 979 4372 viri
995 4324 1061 4374 docti
1078 4325 1108 4373 de
1124 4323 1170 4374 hoe
1186 4326 1299 4385 exordio;
1316 4324 1349 4374 cs.

279 4407 341 4471 cap.
356 4407 427 4456 VIII
444 4406 509 4455 med.
