3154 5198
827 337 948 443 αι’

311 588 385 630 enm
424 565 510 630 ultra
546 564 653 648 prima
691 564 853 629 elementa
892 587 955 627 nen
993 564 1134 629 muitum
1177 564 1390 648 processisse3

312 701 387 744 nam
407 653 506 764 'quod
538 676 689 762 quisita
720 675 893 761 perdidicit
923 685 961 740 ut
982 678 1115 741 verterit
1138 676 1171 740 iu
1197 697 1329 742 succum
1356 682 1393 742 et

312 793 523 878 sanguinem,
556 790 589 854 id
613 812 786 876 nunquam.
805 791 835 856 ei
859 791 978 872 officit,
1005 792 1063 856 sed
1087 791 1126 856 de
1150 792 1190 855 iis
1214 812 1295 876 quae
1320 791 1391 875 pri-

313 886 457 970 moribus
490 911 620 970 tantum
651 903 747 968 labiis
779 903 985 989 gustavimus
1018 904 1141 988 garrire
1174 903 1272 988 vulgo
1304 903 1393 966 mira

313 1019 452 1104 quadam
476 1019 611 1083 ferimur
633 1017 789 1099 libidine,
814 1017 905 1101 eujus
929 1018 975 1082 rei
999 1017 1149 1102 exempla
1160 1039 1255 1102 saepe
1272 1017 1306 1081 in
1319 1016 1390 1082 cla-

312 1154 420 1198 rorum
444 1133 615 1198 hominum
638 1131 717 1196 vitis
741 1131 953 1215 offendimus,
979 1138 1017 1197 nt
1040 1133 1096 1217 qni
1119 1153 1239 1217 magna
1262 1132 1393 1197 etbene

313 1245 429 1310 merita
450 1246 608 1330 gauderet
640 1244 845 1327 celebritate,
867 1245 1041 1330 gloriolam
1065 1251 1232 1331 quaereret
1256 1245 1296 1310 ab
1320 1255 1394 1312 arte

313 1359 364 1422 vel
389 1357 515 1439 studi0,
541 1357 575 1420 in
598 1355 689 1441 cujus
712 1357 908 1422 rudimentis
925 1357 1138 1423 substitisset
1158 1363 1191 1423 et
1207 1357 1393 1422 undenuu-

313 1492 411 1554 quam
446 1491 565 1534 nomeu
600 1468 761 1553 inclytum
793 1469 877 1535 foret
910 1471 1047 1555 adeptus
1068 1472 1088 1535 ¹.
1138 1470 1202 1536 Sed
1237 1469 1392 1556 quiequid

314 1583 353 1647 de
388 1580 553 1665 Euripidis
583 1581 617 1644 in
648 1581 707 1648 hac
737 1581 874 1647 scientia
903 1583 1100 1667 profectibus
1127 1583 1303 1649 statuimus
1338 1582 1395 1648 vel

315 1693 522 1781 conjicimus,
556 1693 649 1759 nulla
682 1701 768 1759 certe
799 1692 975 1781 disciplina
1007 1695 1087 1760 mihi
1121 1696 1248 1763 videtur
1280 1695 1394 1760 minus

317 1814 425 1892 aptam
448 1805 616 1871 materiem
640 1827 811 1891 suggerere
834 1813 948 1892 poetae
974 1806 1114 1894 tragice,
1132 1829 1229 1892 quam
1244 1808 1393 1893 philoso-

313 1922 391 2007 phia
413 1919 571 1998 naturalis
596 1926 629 1985 et
657 1919 740 1984 illud
767 1924 830 1986 τῶν
851 1923 1012 2005 μετεώρων
1035 1921 1180 1986 studium
1196 1922 1394 2006 quodEuri-

314 2034 406 2120 pides
431 2033 613 2099 affectabat.
664 2034 859 2118 Priusquam
882 2037 993 2098 tamen
1017 2035 1095 2101 haec
1118 2035 1267 2120 pluribus
1280 2058 1392 2122 prose·

315 2170 470 2234 quamur,
499 2147 653 2213 afferendi
682 2155 760 2212 sunt
781 2147 844 2212 loci
861 2147 1390 2234 Aristophaneihucpertinentes.

358 2262 433 2328 dem
468 2262 581 2327 statim
614 2261 649 2325 in
672 2260 779 2347 prims
802 2282 884 2346 quae
908 2268 1035 2327 servata
1058 2267 1109 2328 est
1130 2263 1245 2328 comici
1267 2262 1393 2348 fabula,

315 2374 597 2457 Acharnensibus,
621 2374 682 2438 hoc
706 2373 838 2438 nomine
861 2375 1004 2460 carpitur
1032 2375 1183 2461 tragicus.
1233 2376 1394 2444 Aditurus

315 2488 362 2552 ibi
397 2486 601 2571 Dicaeopolis
634 2485 841 2572 Euripidem,
868 2486 914 2552 sic
937 2487 1117 2573 interrogat
1140 2494 1299 2554 vernam³
1322 2491 1395 2577 ejus

318 2601 615 2687 Cephisophontem
639 2601 694 2688 qui
713 2599 850 2685 januam
874 2600 904 2665 ei
927 2602 1033 2686 aperit
1056 2609 1118 2680 (vs.
1146 2604 1210 2667 395
1235 2607 1341 2689 sqq.):

395 2716 458 2775 Dic.
742 2710 834 2781 ἐ’νδον
857 2713 918 2780 ἕατ’
943 2713 1132 2802 Εὐριπίδηςὶ

399 2821 482 2899 Cepit·-
525 2823 581 2888 οὐκ
603 2818 695 2889 ’ἔνδον
718 2817 809 2886 ἔνδον
832 2824 926 2892 ἐστίν,
949 2826 971 2889 εἶ
994 2824 1123 2908 γνώμην
1145 2822 1238 2908 ἐ’χεις·
1301 2846 1304 2852 ‘

397 2928 460 2989 Du.
524 2930 593 3004 πῶς
615 2923 716 2998 ἔνδον,
740 2925 791 2992 εἶτ’
814 2927 870 2994 οὐκ
892 2921 999 2999 ἐ’νδονς

894 3029 976 3106 Cepi.
1019 3029 1135 3116 ὀρθῶς,
1158 3033 1182 3096 ὦ
1205 3035 1311 3118 γε’ρον·

528 3139 545 3201 ὁ
568 3140 645 3211 νοῦς
666 3138 722 3218 μὲν
745 3131 804 3206 ’ἔξω
827 3132 993 3221 ξυλλέγων
1016 3136 1152 3205 ἐπύλλια

529 3244 586 3307 οὐκ
607 3237 708 3313 ἔνδον,
732 3242 827 3316 αὐτὸς
849 3237 875 3307 δ’
897 3236 988 3305 ἐ’νδον
1010 3239 1178 3326 ἀναβάδην
1200 3253 1279 3310 ποιεῖ

528 3342 717 3433 τραγῳδίαν·

320 3485 536 3494 ...m

316 3552 374 3600 ralis
390 3549 491 3609 notitia,
507 3562 581 3611 quarn
597 3545 767 3598 Bernharuiur
783 3549 818 3597 tl.
835 3550 858 3598 ei
875 3549 989 3613 largitur,
1006 3551 1049 3602 ubi
1068 3553 1167 3601 tandem
1188 3554 1266 3603 lateat
1282 3554 1397 3617 equidem

319 3642 405 3690 miror.

352 3729 359 3760 ¹
482 3727 608 3776 Nimirum
626 3728 692 3776 idem
708 3742 793 3776 omnes
811 3728 932 3787 fallimur,
950 3744 1029 3794 neque
1046 3740 1084 3781 est
1101 3734 1229 3798 quisquam

336 3809 339 3816 “
381 3817 384 3821 ’
478 3832 550 3879 quem
567 3831 616 3864 non
633 3817 660 3864 in
676 3816 759 3880 aliqua
776 3832 803 3866 re
820 3818 904 3868 ridere
921 3819 1050 3870 Suffenum

480 3907 566 3970 possis.
601 3906 703 3967 (catull.
719 3908 768 3956 22:
781 3909 811 3956 18
827 3910 887 3972 sqq.)
905 3937 936 3944 -

578 4001 695 4062 Συγγενεῖ
711 3997 735 4047 δέ
753 4017 792 4056 τις
810 3999 908 4064 εὐδοξίᾳ
925 4000 988 4066 μέγα
1005 4003 1097 4066 βρίθει.

578 4089 606 4142 ’ὸς
624 4085 648 4134 δὲ
666 4085 757 4136 διδάκτ’
776 4086 837 4150 ἔχει,
855 4087 965 4152 ψεφηνὸς
983 4089 1057 4155 ἀνήρ,

577 4173 663 4222 ἄλλοτ’
681 4175 748 4224 ἄλλα
766 4175 860 4238 πνέων,
879 4177 967 4227 οὔποτ’
984 4180 1078 4244 dspexit

558 4246 560 4250 Ι
578 4263 674 4326 κατέβα
693 4263 765 4326 ποδί,
783 4267 877 4329 μυριᾶν

579 4351 600 4400 δ’
618 4353 711 4416 ἀρετᾶν
729 4354 813 4402 ἀτελεῖ
830 4355 879 4418 νόιρ
896 4355 1004 4420 γεύεται.
1041 4359 1124 4418 (Pind.
1142 4361 1215 4410 Nem¹
1234 4363 1294 4422 ΙΙΙ.)

354 4443 363 4478 ²
397 4441 499 4497 Rectius
516 4442 618 4492 sortasse
636 4444 729 4496 dixeris
747 4445 907 4508 discipulum,
925 4447 956 4495 ef.
974 4447 1038 4497 'mira
1055 4449 1115 4512 Cap.
1135 4452 1173 4502 IX
1192 4453 1253 4501 med.
