3180 5196
716 1021 889 1098 CAPUT
915 1021 966 1096 X.

303 1243 347 1288 DE
371 1241 515 1288 rsnoms
539 1240 692 1286 LOGOBUM
715 1241 968 1288 EURIPIDEOBUM
997 1243 1087 1288 APUD
1113 1242 1378 1289 Anlsrorflsrmnr.

766 1413 930 1426 ΜνννννκΛ
944 1417 947 1424 v

351 1566 436 1630 Loca
469 1587 509 1630 ex
546 1566 776 1651 Aristophanis
812 1564 1002 1648 comoediis,
1030 1564 1116 1630 unde
1139 1565 1218 1651 quid
1242 1561 1382 1630 senserit

307 1681 346 1744 de
369 1678 526 1762 Euripide
549 1677 601 1744 vel
624 1685 758 1764 apparet
780 1679 831 1744 vel
855 1677 1093 1764 quodammodo
1116 1676 1227 1762 colligi
1249 1682 1379 1762 potest,

308 1812 394 1857 nuno
417 1790 526 1855 omnia
548 1790 615 1856 fere
631 1813 650 1856 a
665 1812 717 1855 me
733 1794 983 1856 commemorata
997 1796 1086 1875 puto.
1115 1789 1200 1855 Sunt
1215 1794 1383 1875 praeterea

308 1903 471 1989 permulta
504 1903 569 1969 alia
602 1905 658 1969 ubi
693 1904 735 1968 ad
769 1903 961 1988 Euripideos
996 1923 1107 1968 versus
1145 1902 1302 1968 alluditur
1324 1922 1383 1986 per

308 2017 483 2101 parodiam.
509 2017 587 2082 dam
609 2039 684 2083 vero
707 2017 887 2083 cavendum
910 2022 961 2083 est
985 2039 1026 2081 ne
1049 2017 1084 2084 in
1106 2016 1239 2101 perodio
1254 2037 1383 2100 semper

309 2130 416 2196 inesse
440 2131 712 2216 vituperationem
735 2131 979 2208 existimemus3
1004 2152 1063 2216 ego
1086 2151 1152 2195 non
1176 2117 1289 2196 dubito
1301 2129 1380 2214 quin

310 2267 351 2310 ex
374 2244 540 2329 Euripidis
565 2245 710 2311 versibus
727 2265 807 2330 quos
827 2244 862 2308 in
877 2243 1051 2308 ridiculum
1067 2242 1204 2309 detorsit
1217 2241 1358 2308 comicus
1372 2242 1381 2279 ¹

310 2357 431 2422 multos
456 2380 519 2422 non
535 2358 641 2443 ma'gis
657 2358 790 2423 vitiosos
806 2356 956 2421 habuerit
971 2377 1068 2441 quam
1086 2355 1292 2420 Homericam
1303 2376 1330 2419 e.
1347 2377 1380 2439 g.

310 2469 529 2534 narrationem
563 2469 603 2534 de
626 2468 735 2536 Ulixis
768 2468 848 2554 fuga
876 2490 917 2532 ex
939 2477 1033 2534 antro
1056 2468 1266 2554 Polyphemi,
1290 2467 1382 2552 eujus

309 2583 415 2649 faceta
448 2581 589 2647 imitatio
623 2582 788 2648 invenitur
821 2583 1004 2669 Vesparum
1037 2605 1083 2648 vs.
1112 2584 1300 2660 179-186;
1325 2588 1384 2668 aut

312 2694 470 2761 Herodoti
493 2695 659 2760 Persicum
682 2695 807 2760 bellum
829 2694 1023 2779 descripturi
1044 2695 1298 2780 praefationem,
1325 2693 1384 2759 ubi
1474 2771 1476 2774 Ι

311 2815 517 2874 recensentur
550 2831 665 2875 causac
700 2809 766 2875 odii
800 2810 884 2876 inter
917 2810 1081 2895 Europam
1118 2809 1296 2896 Asiamque
1317 2809 1383 2874 fer-

311 2921 437 3005 ventis,
466 2922 508 2986 ad
537 2944 634 3008 quam
664 2922 792 2989 effictus
823 2931 874 2990 est
898 2923 1054 3009 jocularis
1084 2923 1140 2988 ille
1163 2922 1319 3008 apologus
1344 2923 1384 2987 de

312 3033 435 3119 origine
457 3035 537 3099 belli
560 3035 845 3130 Peloponnesiaci,
871 3037 926 3123 qui
950 3035 1070 3120 legitur
1093 3036 1232 3100 Acharn.
1249 3057 1295 3100 vs.
1317 3036 1383 3100 524
1460 3065 1463 3070 ·

312 3167 380 3231 sqq.
399 3146 420 3210 ³.
464 3147 550 3228 Quin
573 3148 734 3213 interdum
759 3148 794 3212 in
817 3148 971 3214 honorem
995 3149 1103 3233 potius
1127 3168 1225 3232 quam
1248 3147 1282 3211 in
1305 3169 1384 3212 oon-

312 3258 481 3325 tumeliam
515 3261 701 3346 accipienda
733 3267 799 3326 est·
816 3260 957 3346 parodia.
1005 3260 1099 3326 Certe
1126 3259 1266 3344 tragicus
1289 3280 1384 3344 aegre

311 3371 393 3436 ferre
427 3395 493 3438 non
527 3373 652 3458 potuit,
688 3373 774 3459 quod
807 3373 1062 3458 Aristophanes,
1087 3372 1144 3437 ubi
1167 3371 1280 3436 multis
1299 3370 1384 3456 jocis

313 3485 431 3550 solutis
466 3485 549 3551 seria
572 3487 702 3568 miscet,
733 3486 775 3551 ad
797 3507 910 3570 pacem
934 3485 1131 3551 suadendam
1156 3485 1308 3568 (Lysistr.
1335 3507 1383 3550 vs.

317 3601 549 3686 1124-1135)
584 3607 728 3665 uteretur
759 3599 864 3665 verbis
889 3622 928 3665 ex
953 3600 1120 3686 Euripidis
1144 3598 1328 3685 Melanippo
1351 3607 1388 3663 et
1440 3591 1443 3594 ’

315 3713 496 3778 Erechtheo
519 3702 687 3778 desumtis.

359 3826 437 3911 Ipsa
468 3831 577 3893 autem
614 3826 747 3911 parodia
778 3834 856 3911 apta
889 3832 938 3892 est
972 3827 1013 3891 ad
1044 3825 1147 3891 risum
1175 3826 1383 3892 movendum.

348 4037 355 4069 ¹
375 4039 492 4104 Exempli
515 4040 569 4090 loco
593 4041 731 4090 nominasse
751 4039 858 4090 sufficiat
878 4040 1008 4104 pulchrum
1028 4039 1090 4088 illud
1111 4038 1239 4115 Phqedrae
1256 4036 1390 4095 canticum,

314 4128 368 4176 veri
391 4129 520 4192 tenerique
544 4129 645 4180 affectus
669 4131 782 4193 plenum,
806 4131 871 4193 quod
889 4129 999 4178 imitatur
1019 4129 1046 4176 in
1062 4127 1154 4191 Vespis
1170 4141 1247 4176 senex
1262 4125 1355 4174 delirus
1371 4142 1390 4175 s

311 4216 469 4278 judicialibus
485 4219 605 4269 subselliis
622 4219 730 4269 seclusus
764 4273 767 4282 ¹
1367 4261 1370 4268 »

346 4305 435 4356 ²Alia
453 4308 500 4357 loci
517 4309 650 4358 Herodotei
667 4312 767 4372 parocia
783 4307 889 4356 occurrit
905 4307 931 4355 in
948 4307 1058 4364 Avibus,
1075 4306 1118 4355 ubi
1137 4306 1162 4353 in
1179 4305 1316 4354 enarranda
1331 4305 1389 4354 Nn-

314 4396 468 4446 bilionruliae
485 4404 608 4448 structura
623 4398 752 4461 respicitur
769 4404 830 4447 nota
846 4397 975 4460 descriptio
992 4407 1120 4446 murorum
1128 4394 1388 4458 Babyloniorum‚re-

315 4485 379 4534 serta
394 4487 514 4535 mensans
530 4489 561 4536 ed
576 4487 693 4540 amussim
708 4484 824 4537 delinitis.
