3180 5196
587 877 759 953 CAPUT
787 877 1057 954 UL'l'IMUM.

694 1073 912 1087 ᾺΝΝΝΝΛΛΛΛΛΛΙΝ

332 1207 526 1293 Priusquam
561 1225 652 1270 meae
676 1205 844 1292 scriptioni
867 1207 965 1272 finem
988 1206 1125 1289 faciam,
1149 1227 1262 1292 operae
1285 1195 1383 1291 pre·-⁴

289 1320 373 1387 tium
405 1319 534 1385 videtur
556 1318 696 1384 breviter
721 1340 896 1404 exponere,
922 1342 1004 1406 quae
1025 1319 1168 1385 virorum
1191 1320 1360 1385 doctorum

290 1433 329 1498 de
352 1431 559 1514 criminibus,
583 1431 624 1497 ab
647 1431 865 1518 Aristophane
888 1432 1060 1498 intentatis
1076 1433 1244 1520 Euripidi,
1262 1431 1361 1498 variis

290 1543 489 1630 temporibus
521 1543 644 1608 fuerint
676 1543 852 1628 opiniones.
902 1545 988 1611 Huic
1025 1547 1169 1631 profecto
1201 1566 1265 1610 non
1299 1565 1363 1609 usu

291 1657 381 1722 venit
413 1662 452 1720 ut
479 1655 601 1741 posteri
623 1656 776 1742 exiguam
798 1656 868 1741 ejus
891 1657 958 1732 odii
980 1659 1099 1744 poetici
1122 1659 1280 1724 rationem
1302 1656 1363 1721 ha-

290 1772 420 1847 berent3
458 1769 614 1854 permulti
654 1770 743 1834 enim
775 1777 855 1835 sunt
888 1770 964 1837 libri
1000 1772 1131 1858 majoris
1165 1770 1365 1856 minorisque

292 1883 388 1949 molis
423 1889 456 1947 ot
488 1882 662 1965 momenti,
698 1882 765 1948 sive
798 1883 838 1947 de
871 1884 932 1949 hac
960 1884 1094 1950 materie
1118 1884 1154 1948 in
1178 1883 1366 1949 universum

294 1997 362 2062 sive
384 1996 424 2062 de
447 1995 556 2081 aliqua
578 1994 647 2080 ejus
670 2001 762 2080 parte
783 1996 836 2061 vel
859 1997 957 2062 etiam
970 1997 1192 2074 minutissima
1207 1995 1368 2080 particula

296 2114 438 2194 agentes.
466 2108 550 2176 Mihi
560 2132 635 2177 vero
648 2111 677 2177 si
692 2113 801 2180 omnia
813 2135 850 2178 ea
863 2113 983 2198 scripta
995 2115 1045 2180 vel
1058 2113 1252 2199 inspiciendi
1261 2111 1368 2177 facul-

294 2228 345 2288 tas
368 2222 419 2288 vel
442 2223 629 2309 perlegendi
652 2224 855 2312 contingeret
870 2227 991 2310 otium,
1016 2249 1080 2292 non
1099 2240 1190 2292 meae
1208 2231 1292 2290 esset
1309 2230 1368 2289 aut

295 2335 411 2402 aetatis
434 2341 491 2404 aut
513 2336 695 2423 imperitiae
715 2343 764 2403 tot
779 2338 1020 2404 lucubrationes
1038 2338 1178 2403 virorum
1199 2337 1369 2403 doctorum

296 2450 357 2516 rite
391 2457 540 2517 excutere
574 2472 747 2538 eorumque
782 2452 960 2517 sententias
995 2452 1036 2517 ad
1062 2451 1203 2536 lapidem
1227 2450 1369 2534 Lydium

297 2564 481 2649 explorare';
514 2571 678 2651 praeterea
701 2566 849 2631 timerem
872 2588 913 2631 ne
937 2565 966 2631 si
988 2586 1086 2650 quam
1111 2564 1150 2628 de
1172 2584 1244 2630 meo
1266 2562 1372 2627 habeo

298 2675 500 2760 opinionem,
524 2699 562 2744 ea
585 2678 645 2743 sub
669 2681 761 2743 tento
784 2678 908 2742 alienae
926 2677 1117 2743 eruditionis
1137 2675 1370 2759 monteoppri·

298 2794 457 2868 meretur3
482 2790 534 2858 hic
557 2791 645 2856 enim
668 2791 697 2856 si
719 2812 857 2877 usquam
881 2791 967 2856 valet
989 2791 1136 2877 querela,
1156 2810 1252 2874 quarn
1267 2789 1371 2853 Bern-

299 2903 449 2985 hardius‚
482 2925 547 2969 non
580 2905 689 2992 segnis
721 2910 831 2969 tamen
856 2903 1011 2969 librorum
1034 2925 1108 2969 cum
1131 2909 1275 2968 veterum
1298 2909 1372 2966 tum

299 3016 513 3086 recentiorum
546 3024 725 3102 scrutator,
761 3016 929 3103 praemisit
959 3017 1076 3082 ultimo
1103 3014 1261 3081 volumini
1295 3035 1374 3078 suae

301 3129 455 3196 historiae
488 3128 647 3195 literariae
672 3129 763 3216 (edit
790 3130 844 3214 3):
869 3132 993 3214 “quum
1017 3133 1113 3192 antea
1136 3125 1303 3191 mediocris
1330 3125 1374 3211 lif

304 3244 458 3308 “brorum
482 3242 573 3327 copia
596 3241 775 3326 sufficeret,
800 3263 886 3306 nunc
910 3241 1030 3326 scripta
1050 3241 1091 3305 de
1113 3239 1305 3325 specialibus
1321 3261 1375 3303 ar-

303 3354 532 3441 “ohaeologiae
545 3356 692 3441 partibus
708 3377 743 3421 se
759 3354 966 3420 cumularunt
981 3361 1014 3420 et
1029 3355 1063 3418 in
1079 3355 1148 3422 dies
1165 3376 1199 3421 se
1210 3351 1376 3424 cumulare

307 3472 484 3554 “pergunt3
510 3469 566 3535 sed
588 3470 683 3557 pauci
707 3475 801 3534 erunt
823 3469 879 3556 qui
903 3469 1005 3534 tantis
1026 3468 1151 3535 divitiis
1175 3491 1248 3534 vere
1263 3467 1327 3534 frui
1341 3475 1377 3531 et

307 3582 470 3668 “gaudere
492 3583 651 3669 possint’'
683 3584 796 3669 Neque
819 3605 892 3649 eum
916 3589 1035 3652 temere
1057 3584 1105 3648 ita
1127 3584 1216 3669 queri
1242 3587 1380 3667 apparet

306 3717 346 3761 ex
370 3718 488 3783 magno
510 3716 644 3761 numero
667 3696 823 3762 librorum
846 3717 925 3782 quos
950 3695 1029 3761 citat
1051 3695 1086 3760 in
1110 3697 1285 3764 tractandis
1308 3697 1376 3762 sin-

307 3808 394 3893 gulis
425 3810 667 3896 quaestionibus
679 3860 687 3893 ,
719 3831 874 3897 perquam
899 3831 993 3894 saepe
1017 3811 1168 3876 tenuibus
1191 3817 1225 3875 et
1247 3817 1379 3876 tanturn

308 3944 373 3987 non
408 3925 497 3990 omni
530 3923 689 4010 gravitate
721 3923 919 4006 carentibus,
945 3946 1046 4011 quum
1069 3924 1256 4011 praesertim
1281 3923 1383 4007 longe

243 4088 245 4092 ,
309 4037 409 4101 ctiam
431 4037 539 4122 plures
562 4037 692 4104 silentio
716 4037 880 4102 transierit
897 4040 916 4102 ¹.
1056 4017 1058 4022 ,

343 4225 435 4277 ¹Scite
459 4227 533 4278 etiarn
557 4227 681 4280 Dindorf„
696 4227 791 4290 proleg.
816 4228 887 4278 Poet.
912 4227 1006 4277 Soenic.
1031 4241 1088 4290 pag.
1114 4229 1153 4276 15:
1180 4227 1306 4276 “infinitae
1323 4233 1385 4275 suut

309 4316 489 4366 “recentiorum
587 4317 763 4381 disputationes
780 4325 805 4366 et
820 4316 948 4380 opiniones
956 4317 1147 4375 diversissimae,
1164 4316 1253 4379 quibus
1264 4316 1386 4365 omnibns

308 4405 477 4475 “perlegendis
493 4406 534 4469 qui
550 4408 580 4456 ad
596 4408 676 4456 studia
693 4406 828 4471 Sophocleo
847 4406 968 4469 [dicamus
990 4407 1071 4456 studia
1080 4407 1184 4469 scenica]
1194 4421 1344 4470 praeparere
1354 4421 1386 4455 so
