3154 5198
801 387 842 449 42

249 598 251 602 ·
288 581 398 640 tamen
433 596 467 638 sc
501 573 618 638 iterum
649 572 816 657 suppetias
832 547 835 552 Ι
850 574 1024 636 venturum
1052 567 1270 651 Mnesiloche,
1295 568 1360 632 nisi

288 711 322 754 se
345 685 497 752 deficiant
519 689 549 752 αἱ
569 689 673 772 μυρίοι
693 688 834 771 μηχαναί
849 684 869 748 ¹.

333 800 434 864 Miser
451 804 560 864 autem
572 794 805 877 Mnesilochus,
822 794 962 860 vinculis
979 793 1186 875 constrictus,
1203 816 1223 858 a
1240 793 1361 878 Scytha

288 912 484 988 custoditum
508 929 586 974 mox
608 930 682 973 vero
707 907 848 993 adspicit
870 906 1061 992 Euripidem
1085 908 1146 972 sub
1167 907 1275 971 Persei
1287 928 1359 992 per-

288 1046 368 1090 sona
389 1025 577 1090 redeuntem
593 1021 617 1106 ³,
643 1021 730 1094 unde
754 1021 914 1107 intelligit
940 1021 1002 1086 sihi
1026 1043 1112 1086 nuuc
1136 1021 1360 1086 Andromedae

288 1143 397 1222 partes
419 1158 490 1202 esse
512 1133 732 1216 sustinendas,
756 1134 844 1219 quod
866 1133 1022 1220 alligatus
1035 1134 1122 1219 palo,
1143 1140 1181 1198 ut
1197 1133 1255 1197 illa
1274 1134 1359 1219 rupi,

287 1248 608 1335 poteritcommode.
658 1246 757 1313 Canit
782 1246 917 1334 longam
940 1247 1130 1312 monodiam
1154 1246 1239 1332 (ejus
1262 1269 1361 1333 quam

288 1361 496 1426 Andromeda
508 1359 686 1446 Euripides
694 1365 882 1426 cantaverat
894 1358 1140 1442 imitationem),
1153 1381 1250 1446 quam
1263 1360 1361 1424 Euri-

287 1475 399 1561 pides,
425 1474 516 1540 Echo
539 1473 760 1557 adsimulans,
781 1472 978 1540 intercinit³
999 1495 1155 1558 perquam
1166 1472 1289 1558 jocose3
1306 1471 1361 1537 hie

288 1589 405 1654 deinde
427 1589 583 1654 Perseum
598 1609 698 1673 agens
715 1586 838 1653 solvere
852 1592 946 1673 parat
962 1586 1223 1665 Andromedam
1241 1587 1363 1671 Scytha

289 1706 398 1766 tamen
431 1724 503 1768 eam
535 1701 699 1767 dimittere
721 1724 787 1768 uon
810 1702 901 1785 vult,
926 1702 1176 1788 adstantemque
1199 1701 1362 1768 vindicem

289 1823 388 1902 negat
418 1816 508 1883 aliud
542 1839 613 1884 esse
649 1817 714 1882 nisi
749 1838 860 1882 senem
894 1816 1095 1902 improbum,
1134 1816 1213 1901 quin
1249 1815 1362 1880 stricto

289 1928 427 2015 denique
456 1931 567 2018 gladio
593 1931 737 1997 minatur
755 1930 876 1997 fictitio
896 1931 947 1996 illi
976 1932 1102 1996 Perseo.
1151 1931 1274 1996 Iterum
1297 1929 1362 2016 igi-

289 2051 343 2110 tur
373 2043 484 2131 fugere
516 2052 645 2113 coactus
675 2045 867 2131 Euripides,
892 2044 1016 2132 aliquid
1041 2045 1117 2110 novi
1143 2045 1369 2121 machinatur;·

290 2157 416 2223 scilicet
448 2180 522 2225 cum
554 2151 746 2231 mulieribus
769 2166 885 2244 pactus
908 2163 947 2224 ut
967 2142 1164 2245 permittunt
1186 2159 1216 2224 ei
1240 2159 1363 2224 solvere

290 2270 545 2354 Mnesilochum,
579 2271 608 2336 si
637 2269 750 2336 fallere
773 2271 879 2355 possit
904 2271 1071 2355 Scytham,
1095 2271 1141 2356 ἐφ’
1162 2270 1213 2356 ᾧτ’
1233 2271 1362 2336 ἀκοῦσαι

288 2381 382 2466 μηδὲν
403 2384 453 2450 ὑπ’
475 2387 549 2467 ἐμοῦ
570 2380 693 2467 μηδαμὰ
715 2388 810 2450 κακὸν
831 2387 868 2449 τὸ
889 2383 1008 2450 λοιπόν
1019 2385 1042 2457 ⁴,
1074 2383 1135 2462 sub
1168 2384 1260 2449 lenae
1289 2405 1362 2468 per-

289 2517 369 2561 sona
389 2495 596 2580 progreditur
617 2517 691 2560 cum
714 2504 852 2561 venusta
874 2496 1091 2580 meretricula,
1108 2518 1190 2582 quae
1207 2496 1362 2581 Scytham

235 2650 238 2657 ι
289 2608 406 2673 amoris
431 2606 575 2672 stimulis
600 2607 731 2686 incitat3
756 2608 809 2674 hic
832 2614 943 2675 autem
966 2609 1046 2674 dum
1069 2631 1144 2675 cum
1167 2608 1277 2694 puella
1300 2607 1362 2673 ali-

288 2720 479 2806 quantisper
512 2719 653 2803 secedit,
689 2720 863 2807 Euripides
894 2722 1012 2788 liberat
1043 2721 1297 2805 Mnesilochum,
1330 2726 1363 2786 e't

289 2831 410 2916 Scytha
432 2855 578 2900 reversus
600 2857 729 2900 scenam
753 2858 888 2902 vacuam
909 2836 1053 2920 invenit,
1078 2835 1211 2902 delusus
1233 2835 1363 2902 vafritie

289 2944 477 3031 Euripidis,
514 2949 570 3033 qui
600 2953 675 3033 post
707 2949 817 3014 crebra
840 2948 979 3014 artificia
1002 2949 1122 3032 victor,
1147 2949 1270 3036 gratias
1293 2948 1386 3035 agit,

290 3059 429 3126 Hermae
454 3061 550 3128 Dolio
574 3064 612 3138 ὃς
632 3068 717 3128 τουτὶ
738 3067 794 3146 μὲν
816 3063 858 3129 ἔτι
879 3061 986 3138 καλῶς
1007 3072 1087 3129 ποιεῖ
1098 3064 1120 3121 ⁶·

334 3172 444 3238 Facile
466 3173 660 3260 perspicitur
683 3173 762 3260 quid
786 3173 927 3239 comicus
950 3173 1094 3239 ludendo
1117 3175 1170 3239 hic
1189 3173 1359 3259 vituperet.

291 3283 403 3350 Oeacis
436 3287 560 3353 scilicet
588 3287 671 3352 ratio
702 3286 907 3352 nunciandae
937 3287 1052 3353 mortis
1075 3288 1248 3372 fraternae,
1273 3287 1363 3352 Echo

290 3396 402 3483 λόγων
423 3397 565 3486 ἀντῳδὸς
588 3401 825 3487 ἐπικοκκάστρια
839 3397 863 3482 ⁶,
899 3401 977 3466 haec
1014 3407 1047 3466 et
1082 3400 1205 3467 similia
1230 3401 1364 3466 inventa
1438 3457 1440 3464 ,

290 3507 458 3575 callidiora
491 3532 588 3595 quam
621 3533 679 3597 pro
710 3513 852 3597 tragicae
886 3535 999 3579 scenae
1032 3514 1193 3600 dignitate
1221 3515 1250 3582 ei
1273 3514 1363 3580 vide-

290 3621 417 3687 bantur.

324 3909 331 3939 ¹
366 3910 411 3958 Vs.
429 3909 485 3961 927.

323 3995 334 4028 ²
366 3998 411 4047 Vs.
432 3999 501 4047 1011.

222 4119 224 4124 ·
324 4087 334 4118 ³
366 4090 412 4137 Vs.
440 4089 609 4140 loto-1096.
643 4091 775 4154 Euripides
800 4095 847 4153 τὴν
869 4093 922 4158 ἠχὼ
940 4093 1055 4160 εἰςήγαγε
1072 4096 1272 4147 κακοστένακτον
1290 4098 1316 4148 ἐν
1333 4101 1365 4161 τῇ

293 4177 442 4242 Ἀνδρομέδᾳ
460 4178 571 4241 (schol).

325 4267 333 4298 ⁴
367 4267 413 4315 Vs.
433 4269 501 4318 1162.

326 4359 334 4387 ⁵
367 4357 414 4404 Vs.
434 4358 504 4406 1202.

326 4447 335 4477 ⁶
369 4448 415 4496 Vs.
435 4448 504 4496 1059.
