3154 5198
806 395 848 454 43

336 577 423 640 Num
447 581 533 642 recte
552 574 734 661 judicavit?
780 576 942 661 Equidem
966 575 1128 641 affirmare
1152 596 1216 639 nou
1238 575 1363 659 dubita,

291 711 391 774 quum
423 711 554 755 causam
589 689 657 774 ejus
677 692 942 776 ,πολυμηχανίαα
975 696 1013 755 ut
1037 690 1129 773 dixi,
1159 695 1303 773 repetam
1326 710 1365 754 ex

289 803 410 889 poetici
444 805 566 870 ardoris
602 805 767 891 segnitie„
801 805 840 868 In
884 804 964 870 duas
999 810 1107 869 autern
1142 807 1250 888 partes
1284 802 1366 866 mihi

290 917 418 982 videtur
452 916 621 982 commode
654 916 758 981 dividi
790 937 886 1000 posse
919 916 997 982 haec
1032 917 1209 982 accusatio:
1250 938 1366 1001 nempe

289 1031 384 1093 nimis
406 1027 504 1094 multa
526 1007 690 1096 invenisse
714 1029 923 1114 Euripidem,
949 1035 983 1095 et
1005 1033 1098 1095 nimis
1121 1029 1241 1096 callide.

399 1393 413 1474 ξ
440 1397 470 1484 2.
518 1387 570 1458 De
593 1397 721 1458 crimine
743 1396 928 1458 inventionis
950 1396 1043 1458 armis
1065 1391 1258 1477 muliplicia

335 1595 388 1660 Ad
419 1595 509 1681 prius
543 1595 661 1659 vitium
684 1615 750 1658 non
774 1594 821 1658 ita
845 1602 955 1679 aperte
978 1592 1097 1663 alludit
1120 1595 1365 1679 Aristophanae,

291 1709 439 1776 necenim
463 1707 540 1773 inde
565 1713 633 1774 tam
660 1713 771 1793 aptam
793 1714 922 1793 poterat
943 1707 1091 1793 jocorum
1117 1708 1287 1774 materiem
1310 1709 1366 1773 do-

291 1845 417 1889 sumere
450 1843 549 1908 quam
583 1844 623 1887 ex
654 1821 799 1886 inventis
831 1821 930 1887 nimis
963 1821 1100 1886 callidis.
1150 1823 1225 1887 Non
1258 1829 1367 1888 tamen

290 1936 404 2002 dubito
426 1935 504 2021 quin
527 1935 562 1999 in
585 1935 814 2022 πολυμηχανίᾳ
838 1934 1016 2020 Euripides
1039 1957 1104 2000 non
1121 1935 1231 2002 miuus
1248 1935 1366 2000 immo-

290 2049 397 2115 dicam
420 2071 528 2114 rernm
557 2053 769 2114 tractatarum
793 2049 921 2134 copiam
946 2049 998 2133 (τὸ
1020 2049 1122 2136 πολύ)
1148 2071 1245 2135 quam
1269 2051 1367 2137 nimis

290 2164 381 2229 vafra
403 2162 604 2228 inventionis
628 2163 766 2228 artificia
790 2162 841 2249 (τὸ
862 2160 1080 2250 μηχανᾶσθαι)
1097 2166 1283 2249 respexerit.
1308 2167 1367 2229 Vi-

290 2278 424 2344 deamus
447 2277 551 2364 igitur
574 2278 735 2364 quomodo
752 2277 954 2343 abundantia
967 2279 1124 2344 materiae
1135 2280 1368 2365 vituperationi
1402 2313 1407 2322 ·

289 2391 393 2476 possit
415 2412 485 2456 esse
509 2391 657 2456 obnoxia.

334 2504 403 2568 Lex
437 2525 519 2588 quae
550 2505 656 2589 poscit
686 2504 721 2568 in
746 2504 824 2569 artis
848 2523 943 2590 opere
967 2503 1127 2568 unitatem
1151 2510 1185 2570 et
1208 2505 1366 2592 simplici-

289 2622 413 2703 tatem,
449 2639 514 2682 non
548 2617 734 2702 excogitata
767 2624 818 2682 est
840 2617 881 2682 ab
907 2616 1088 2682 Aristotele
1112 2617 1218 2683 aliove
1241 2618 1363 2698 critico,

290 2731 347 2797 sed
377 2738 448 2798 orta
479 2755 520 2798 ex
554 2733 626 2818 ipsa
657 2754 764 2798 rerum
795 2737 920 2797 natura.
970 2731 1023 2796 Ita
1046 2731 1217 2797 constituti
1241 2755 1365 2825 sumus,

290 2854 415 2913 utnon
438 2847 519 2913 duas
547 2869 597 2913 res
621 2845 720 2912 simul
743 2852 800 2911 aut
823 2846 973 2911 sensibus
997 2845 1161 2931 percipere
1184 2854 1242 2912 aut
1257 2848 1366 2912 animo
1408 2923 1411 2926 ,

290 2962 455 3027 attendere
486 2962 659 3048 possimus.
710 2960 745 3026 Si
775 2960 870 3045 plura
901 2961 1014 3025 eodem
1039 2965 1184 3045 tempore
1207 2967 1285 3026 sunt
1309 2963 1365 3027 ob-

290 3075 458 3158 servanda,
482 3075 592 3158 imago
615 3094 722 3138 rerum
746 3093 781 3137 se
804 3071 1050 3137 offeret'min'us
1064 3072 1220 3137 distincta
1232 3073 1366 3160 ideoque

289 3187 393 3255 levius
416 3192 561 3253 mentem
585 3180 715 3270 tanget}
734 3185 899 3252 Gallicam
922 3184 1141 3269 proverbium,
1165 3187 1252 3270 quod
1267 3196 1367 3274 negat

290 3308 322 3367 te
343 3302 426 3366 bene
449 3305 558 3366 tenere
581 3319 663 3384 quae
687 3297 790 3362 nimia
813 3295 1054 3382 complectaris,
1080 3319 1146 3364 non
1168 3299 1208 3364 de
1226 3299 1365 3367 brachiis
1425 3287 1429 3297 ’

289 3419 419 3481 tautum
452 3413 557 3496 valet,
589 3413 646 3478 sed
670 3413 710 3476 de
734 3411 843 3476 animo
865 3409 1009 3496 perinde.
1061 3409 1150 3477 Hinc
1172 3411 1212 3478 fit
1235 3419 1273 3479 ut
1296 3414 1366 3480 sino

290 3529 416 3594 unitate
455 3528 541 3592 absit
576 3523 797 3611 pulchritudo.
845 3523 911 3589 Vos
947 3527 1059 3607 testor,
1095 3525 1174 3590 artis
1211 3527 1366 3612 Apelleae

290 3642 437 3708 cultores.
486 3640 607 3705 Nonne
639 3639 672 3702 in
708 3637 854 3722 picturae
878 3637 1114 3720 compositione
1136 3638 1171 3703 id
1194 3640 1303 3725 agitis,
1329 3650 1366 3706 ut

289 3779 355 3823 una
376 3757 535 3843 quaedam
558 3754 663 3838 figura
686 3751 737 3816 val
760 3751 938 3837 figurarum
962 3752 1109 3818 collectio
1125 3753 1259 3820 caeteris
1271 3775 1363 3839 prae-

289 3870 412 3935 mineat
435 3879 468 3934 et
491 3867 585 3954 quasi
607 3865 803 3947 dominetur,
829 3853 876 3929 ita
899 3871 937 3929 ut
958 3864 1063 3949 primo
1087 3887 1121 3930 se
1152 3865 1268 3931 obtutu
1291 3867 1363 3952 spess

289 3982 448 4048 olentium
483 3981 585 4046 oculis
618 3978 751 4044 offerat?
798 3977 918 4064 Ecquis
954 3983 1099 4044 vestrum
1133 3979 1247 4064 pinget
1270 3979 1363 4045 binas

290 4098 415 4162 arbores
451 4118 550 4181 aeque
581 4116 745 4180 proceras,
779 4092 913 4158 alteram
947 4115 966 4156 a
1000 4092 1130 4174 dextra,
1171 4093 1306 4159 alteram
1345 4117 1363 4155 a

290 4211 438 4293 sinistra,
463 4216 521 4275 aut
542 4210 660 4294 longae
682 4209 810 4293 plateae
834 4207 897 4272 sibi
921 4228 1033 4271 omnes
1058 4207 1170 4271 domos
1195 4207 1362 4273 delinean-

289 4324 346 4390 daa
368 4323 487 4410 eliget?
535 4324 641 4388 Immo
666 4323 708 4386 inf
724 4320 883 4387 anteriore
906 4320 1035 4385 tabulae
1059 4327 1151 4404 parte
1174 4343 1276 4406 pauca
1288 4328 1362 4387 tan-

290 4443 378 4521 tnm,
403 4437 459 4504 sed
482 4460 520 4503 ea
543 4435 670 4518 vivida,
697 4435 860 4500 elaborata
883 4438 916 4498 et
941 4433 1026 4498 inter
1050 4455 1083 4497 se
1103 4432 1218 4517 juncta
1230 4436 1360 4519 conspi-
