3180 5196
872 409 913 470 86

404 594 493 657 Num
517 591 616 677 igitur
638 590 782 655 dicemus
806 595 873 655 tam
898 590 1057 675 injustum
1082 598 1138 656 aut
1160 598 1227 657 tam
1241 615 1358 677 parum
1372 595 1446 659 sibi

358 707 613 772 consentientem
648 704 748 770 fnisse
777 703 1043 790 Aristophanem,
1067 713 1105 770 ut
1128 728 1211 792 qnae
1234 707 1303 791 ipse
1326 708 1446 774 facere

361 821 478 885 soleret
499 818 534 882 in
556 819 657 884 altero
679 817 938 902 reprehenderit?
961 819 1015 883 An
1038 820 1148 904 potius
1172 820 1443 886 remconfeetam

360 932 562 999 censebimus
594 930 738 996 indicato
761 916 952 996 discrimine
971 931 1057 996 inter
1073 931 1214 1018 tragicae
1233 939 1266 998 et
1291 933 1443 998 comicae

359 1067 472 1112 scenae
505 1045 615 1130 leges?
649 1044 774 1109 Neutra
805 1044 858 1108 via
881 1065 933 1110 me
962 1043 1072 1129 judice
1095 1045 1137 1110 ad
1164 1066 1297 1131 scopum
1320 1045 1438 1123 dueit;

357 1159 506 1245 inprimis
541 1177 615 1222 vero
648 1157 827 1222 cavendum
862 1178 902 1222 ne
937 1156 1018 1222 duas
1054 1179 1103 1223 res
1139 1157 1275 1222 minime
1301 1158 1439 1224 easdem

358 1271 443 1336 inter
476 1291 510 1335 se
545 1268 804 1355 permisceamus.
852 1269 926 1334 Non
960 1268 995 1334 id
1029 1269 1229 1356 culpandum
1258 1271 1438 1337 videbatur

356 1383 489 1466 comice,
515 1382 600 1465 quod
624 1381 796 1466 Euripides
819 1381 899 1446 mole
921 1382 962 1448 de
984 1382 1175 1448 mulieribus
1191 1383 1375 1469 loqueretur
1395 1392 1437 1450 et

322 1565 323 1568 ,
358 1496 516 1584 improbas
552 1496 586 1560 in
617 1517 747 1562 scenam
782 1495 930 1579 duceret,
966 1496 1023 1562 sed
1057 1497 1143 1582 quod
1166 1497 1200 1561 in
1223 1496 1342 1564 fabulis
1366 1508 1436 1564 tom

348 1613 483 1706 'muttum
505 1634 559 1678 eas
582 1610 754 1696 respiceret
775 1614 948 1695 tantasque
970 1611 1011 1675 iis
1035 1610 1191 1676 tribueret
1213 1615 1331 1696 partes.

367 1717 368 1720 ¹
402 1729 442 1791 In
477 1746 572 1792 scena
611 1723 847 1808 Aristophanes
869 1724 909 1790 de
932 1725 1033 1790 altero
1057 1746 1136 1790 sexu
1160 1746 1254 1809 saepe
1276 1726 1431 1811 quidem,

358 1840 414 1906 sed
458 1839 579 1924 absque
625 1836 695 1902 ulla-
743 1837 944 1922 reverentia,
988 1837 1067 1923 quin
1115 1837 1221 1904 dicam
1273 1839 1432 1923 probrose

357 1953 484 2039 agitur,
515 1957 548 2016 et
580 1951 627 2015 ita
658 1956 696 2016 ut
717 1949 907 2036 plerumque
930 1949 1098 2019 materiem
1122 1951 1273 2036 praebeat
1298 1952 1433 2017 cachin-

358 2067 408 2130 nis
441 2086 556 2149 parum
590 2061 790 2146 verecundis,
827 2083 893 2127 nou
927 2084 997 2128 raro
1032 2063 1132 2129 etiam
1166 2063 1201 2127 in
1228 2069 1432 2129 contemtum

356 2179 553 2262 adducatur,
579 2197 746 2262 nunquam
764 2197 837 2240 vero
855 2176 955 2242 talem
972 2175 1006 2241 in
1018 2176 1221 2258 modum,ut
1232 2182 1431 2262 spectatores

356 2290 485 2356 discant
507 2289 547 2355 de
558 2288 747 2360 mulieribus
759 2289 841 2354 bene
852 2291 1015 2368 sentire¹3
1039 2312 1098 2356 nec
1113 2289 1234 2376 majore
1245 2291 1315 2356 loco
1325 2291 1431 2356 comi-

356 2424 412 2467 cus
436 2424 490 2468 eas
520 2407 670 2467 numerat
692 2423 791 2487 quam
825 2423 932 2468 servos
967 2402 1137 2469 sceleratos
1173 2404 1224 2469 vel
1260 2403 1430 2471 famelicos

355 2513 523 2600 parasitas.
551 2514 587 2581 si
597 2515 684 2580 idem
694 2514 815 2600 egisset
826 2515 1096 2601 Euripides‚sine
1108 2516 1206 2582 dubio
1218 2515 1430 2601 plaudentem

356 2629 419 2694 sibi
453 2628 620 2695 habuisset
652 2628 924 2714 Aristophanem,
961 2651 1064 2716 neque
1096 2631 1182 2696 huno
1215 2629 1431 2696 offendissent

356 2741 419 2806 loci
450 2741 506 2806 ubi
542 2740 715 2827 Euripides
749 2741 818 2807 sive
849 2741 885 2806 in
907 2740 1098 2808 muliebrem
1121 2764 1235 2808 sexum
1258 2743 1428 2824 universe,

357 2853 425 2918 sive
458 2854 493 2917 in
528 2859 618 2944 *certa
651 2854 808 2940 quaedam
842 2854 912 2939 ejus
940 2855 1020 2920 vitia
1042 2853 1216 2921 invehitur.
1244 2857 1306 2922 Sed
1330 2856 1429 2942 longe

356 2967 516 3032 diversam
551 2966 638 3034 viam
663 2967 828 3052 ingressus
852 2972 903 3032 cst
925 2967 1087 3053 tragicus,
1111 2968 1203 3054 eujus
1229 2969 1427 3049 michelis,

357 3103 430 3146 eum
463 3101 521 3164 pro
550 3080 697 3147 molliore
731 3102 794 3166 quo
825 3081 977 3146 utebatur
1000 3082 1108 3166 poesis
1131 3104 1266 3167 genere,
1292 3089 1362 3147 tum
1385 3081 1428 3147 cb

356 3193 501 3258 nativam
524 3193 687 3278 quandam
709 3199 822 3280 poetae
845 3193 1004 3278 indolem,
1030 3215 1120 3260 amor
1134 3195 1324 3282 plerumque
1333 3216 1429 3281 prora

356 3312 389 3370 et
420 3306 539 3391 puppis
573 3307 659 3372 est‘.
710 3306 817 3386 Quum
851 3307 1031 3392 Aeschylus
1067 3309 1101 3374 in
1138 3309 1304 3395 tragoedia
1325 3310 1428 3374 amori

356 3420 502 3504 nullum,
514 3418 703 3484 mulieribus
715 3419 878 3514 modicum
891 3401 1051 3485 duntaxat
1063 3420 1170 3487 locum
1182 3422 1426 3504 concessisset³,

355 3531 412 3598 ille
435 3530 560 3596 nullam
582 3551 684 3616 paene
706 3530 851 3596 fabulam
874 3532 1056 3624 composuit
1071 3532 1149 3622 quin
1162 3533 1279 3599 mulier
1291 3554 1427 3620 magnas

388 3739 395 3771 ¹
429 3740 696 3804 CavetAristophanes
708 3754 739 3790 ne
752 3755 808 3790 suas
816 3743 902 3792 Musas
909 3746 1076 3808 προαγωγοὺς
1084 3745 1301 3809 ἀποφαίνρνοορ,
1312 3761 1349 3794 vs.
1357 3747 1429 3796 1028.

386 3829 397 3863 ¹
429 3831 557 3893 Longinus
584 3831 638 3894 περὶ
664 3829 744 3894 ὕψους
761 3845 812 3894 cap.
838 3832 881 3884 15:
898 3833 952 3882 ἔστι
968 3833 1014 3896 μέν
1031 3834 1078 3882 οὖν
1094 3835 1302 3898 φιλοπονώτατος
1320 3835 1334 3882 ὁ
1352 3837 1428 3900 Εὐρι·

354 3919 427 3980 πέδης
445 3918 490 3969 δύο
508 3922 579 3970 ταυτὶ
597 3920 682 3981 πάθη,
699 3922 792 3984 μανίας
809 3939 834 3970 τε
852 3922 893 3970 καὶ
910 3923 1017 3986 ἔρωτας,
1035 3921 1234 3988 ἐκτραγῳὸῆσαι,
1252 3923 1300 3973 κᾶν
1317 3925 1429 3987 τούτοις,

354 4009 387 4066 ὡς
404 4010 449 4057 οὐκ
466 4008 510 4058 οἶδ’
528 4010 549 4058 εἴ
566 4026 630 4058 τισιν
647 4008 750 4074 ἑτέροις,
767 4010 971 4074 ἐπιτυχέστατος.

386 4097 396 4130 ³
428 4099 571 4162 Aeschylus
587 4101 614 4147 in
631 4100 710 4150 Ranis
726 4116 763 4150 vs.
782 4103 846 4152 lose
862 4117 905 4164 sq„
925 4103 989 4152 104³
1005 4117 1053 4166 sq.:

546 4187 647 4247 διδάξας
665 4187 764 4254 Πέρσας
781 4192 844 4253 μετὰ
861 4188 930 4239 τοῦτ’
947 4191 1078 4255 ἐπιθυμεῖν
1095 4189 1221 4246 ἐξεδίδαξα

448 4278 522 4326 νικᾶν
538 4275 576 4324 ἀεὶ
593 4278 651 4334 τοὺς
669 4277 842 4338 ἀντιπάλους,
861 4279 988 4342 κοσμήσας
1005 4273 1080 4342 ἔργον
1098 4278 1203 4341 ἄριστον
1214 4277 1263 4326 ατέ.

447 4363 503 4413 ἀλλ’
522 4365 551 4413 οὐ
568 4367 603 4428 μὰ
620 4364 657 4413 Δί’
675 4366 704 4414 οὐ
722 4366 831 4431 Φαίδρας
848 4367 952 4415 ἐποίουν
970 4367 1068 4430 πόρνας
1086 4365 1141 4416 οὐδὲ
1160 4367 1323 4430 Σθενεβοίας,

448 4453 497 4505 ott'
516 4453 561 4502 οἶδ’
580 4454 661 4512 οὐδεὶς
678 4455 759 4516 ἥντιν’
778 4457 876 4529 ἐρῶσαν
893 4455 990 4505 πώποτ’
1009 4457 1117 4515 ἐποίησα
1135 4460 1251 4520 γυναῖκα.
