3154 5198
723 387 764 446 49

202 562 288 627 ricae
312 563 441 628 Athene
465 587 504 630 ex
522 588 618 631 scena
630 566 807 651 alloquitur
819 565 966 632 Orestem
985 591 1049 633 non
1065 575 1279 654 praesentem,

204 696 246 740 ne
263 676 473 761 conspicuum
488 678 631 762 quidem,
646 679 702 744 sed
719 701 813 764 quem
827 680 939 764 procul
955 680 990 745 in
1008 703 1144 766 aequore
1161 682 1279 747 scimus

203 789 376 874 navigare:

363 902 467 977 κλύεις
488 904 552 990 γὰρ
575 901 683 981 αὐδήν,
705 911 813 989 καίπερ
836 908 873 970 οὐ
895 908 1014 992 παρών,
1038 905 1120 982 θεᾶς·

202 1022 300 1087 Hunc
324 1043 452 1088 versum
479 1011 555 1090 ideo
575 1023 705 1090 Athene
729 1025 870 1110 profert,
899 1031 936 1091 ut
965 1047 1002 1088 ea
1029 1047 1110 1110 quae
1132 1025 1279 1110 proxime

201 1142 397 1220 sequuntur,
422 1137 464 1200 ad
488 1136 637 1203 Orestem
660 1137 859 1226 pertinentia
883 1144 916 1203 et
939 1137 973 1201 in
989 1137 1193 1203 Athenarum
1206 1139 1277 1224 glo-

201 1248 283 1312 riam
308 1248 435 1332 addita,
460 1250 629 1316 commode
652 1251 781 1336 possint
804 1250 959 1329 enarrari3
988 1251 1044 1316 sed
1069 1257 1139 1316 tam
1161 1251 1278 1316 miram

200 1360 385 1445 fictionem,
421 1362 563 1429 comicae
598 1364 713 1430 itidem
742 1386 856 1430 scenae
885 1364 1023 1430 fortasse
1053 1364 1276 1431 accommoda-

200 1481 269 1538 tam
287 1474 310 1558 ¹,
333 1475 406 1561 quis
430 1475 546 1562 prebet
560 1479 593 1542 ⁹?
627 1477 702 1542 Non
725 1476 847 1563 majore
865 1478 961 1543 laude
973 1477 1075 1563 digna
1090 1477 1172 1542 mihi
1187 1477 1276 1542 vide-

200 1592 254 1652 tur
282 1586 405 1674 frigida
427 1589 589 1672 sollertia,
615 1612 679 1676 qua
702 1596 799 1675 poeta
821 1589 856 1654 in
881 1590 959 1655 Ione
983 1597 1094 1654 narrat
1115 1591 1276 1675 quemodo

199 1701 392 1787 crepundia,
424 1725 482 1789 per
513 1725 596 1789 quae
622 1702 754 1788 juvenis
781 1703 980 1789 agnoscitur,
1009 1703 1132 1769 intacta
1153 1703 1277 1769 fuerint

199 1815 241 1880 ab
263 1815 419 1901 Apolline
443 1824 571 1882 servata
584 1820 614 1896 ³3
638 1822 819 1903 praestaret
831 1817 871 1883 de
883 1839 920 1883 ea
935 1839 970 1882 re
981 1817 1114 1882 omnino
1125 1817 1274 1884 tacuisse.

199 1928 311 1993 Etiam
345 1929 531 2012 columbae,
564 1951 621 2015 per
651 1951 731 2016 quas
754 1929 914 1995 nefarium
940 1929 1079 1996 Creiisae
1101 1931 1275 1996 eonsilium

198 2042 380 2127 detegitur,
415 2063 487 2132 meo
521 2064 619 2108 sensu
652 2043 784 2129 longius
814 2066 834 2108 a
862 2049 959 2128 poeta
990 2051 1068 2108 sunt
1091 2044 1273 2110 arcessitae.

199 2157 239 2220 In
265 2155 396 2220 Electra
418 2176 545 2241 quoque
569 2155 791 2240 compluscula
813 2160 892 2222 sunt
904 2161 1103 2244 πανουργίας
1115 2157 1273 2242 exempla.

200 2269 313 2333 Primo
347 2269 417 2334 loco
451 2269 514 2334 huc
547 2268 648 2334 refero
681 2269 833 2335 heroinae
864 2269 997 2335 fictitias
1029 2262 1103 2335 cu'm
1124 2272 1275 2355 Auturgo

200 2382 346 2472 nuptias,
386 2381 540 2468 Tragicae
570 2403 665 2467 perro
695 2382 852 2468 gravitati
879 2403 995 2468 parum
1022 2372 1274 2449 consentaneam

198 2496 281 2560 duco
310 2501 413 2560 artem
442 2516 506 2579 qua
534 2494 793 2580 Agamemnonis
826 2495 920 2560 liberi
952 2500 1090 2561 utuntur
1114 2502 1151 2561 ut
1173 2495 1275 2581 Aegi-

198 2609 310 2674 sthum
323 2605 539 2694 inprimisque
550 2609 844 2692 Clytaemnestram
856 2609 949 2674 nullo
961 2614 1131 2695 praesente
1142 2609 1276 2674 custode

197 2730 366 2809 occupent.
405 2723 519 2809 Neque
543 2723 636 2787 video
660 2744 716 2788 cur
738 2721 891 2806 cicatrix,
907 2745 972 2809 qua
983 2723 1071 2807 apud
1083 2722 1276 2808 Euripidem

199 2836 330 2903 Orestes
356 2836 507 2902 Electrae
521 2836 678 2920 notescit,
696 2842 865 2921 tantopere
881 2842 1025 2922 praestet
1044 2835 1205 2918 cincinn0,
1220 2859 1274 2901 ve·

197 2949 306 3036 stigiis
328 2955 361 3014 et
382 2953 483 3032 veste,
508 2970 591 3034 quae
610 2948 644 3012 in
657 2948 795 3014 eundern
807 2970 901 3014 usum
917 2947 1272 3032 adhibuitAeschylus,

197 3051 320 3132 idcirco
344 3061 385 3127 ab
411 3060 568 3146 Euripide
592 3061 710 3126 salsius
737 3083 834 3146 quam
853 3061 986 3146 dignius
1003 3061 1128 3126 derisus
1141 3062 1163 3125 ⁴.
1190 3059 1276 3140 Quid

232 3205 239 3236 ¹
258 3206 294 3256 Ut
310 3206 338 3254 in
353 3204 437 3255 Pleut.
453 3203 584 3268 Amphitr.
601 3216 638 3254 vs.
655 3204 704 3256 976
720 3218 756 3268 eq.
773 3204 874 3268 Jupiter
891 3204 1015 3268 loquitur:

389 3294 464 3343 Nune
480 3299 508 3342 tu
524 3292 613 3342 divine
630 3291 665 3340 mi
682 3294 731 3341 hue
748 3292 787 3341 fae
804 3286 870 3342 adsis
886 3293 970 3351 Sosia3

393 3383 461 3432 audis
477 3396 540 3446 quse
557 3383 624 3440 dieo,
642 3382 741 3431 tametsi
758 3397 875 3445 praesens
891 3397 942 3431 non
959 3382 1026 3431 ades.

197 3473 294 3523 Saltem
319 3472 360 3521 hic
385 3474 446 3522 dens
470 3472 626 3531 Mercurius,
650 3486 699 3520 non
725 3486 785 3521 vere
801 3479 830 3520 ut
846 3472 871 3520 in
887 3471 1013 3535 Euripidis
1029 3472 1083 3521 loeo
1100 3472 1276 3522 hemodicitur

193 3561 280 3612 audire
295 3575 310 3612 e
325 3561 461 3625 longinque
476 3562 587 3611 divinem
604 3576 700 3611 vocem.
1008 3547 1011 3560 ⁶

229 3649 241 3682 '
256 3651 336 3700 Plane
352 3651 418 3699 aliud
435 3661 483 3710 est,
500 3666 577 3714 quum
594 3651 697 3701 Athene
713 3649 803 3700 dieitur
821 3651 937 3702 Orestem
954 3651 994 3699 rel
1011 3651 1171 3715 elonginqne
1182 3652 1275 3710 audire,

195 3741 287 3792 Aesch.
310 3743 417 3791 Eumen.
436 3757 472 3790 vs.
490 3741 553 3800 297,
572 3741 632 3805 quie

506 3829 575 3879 κλύει
591 3829 615 3879 δὲ
636 3830 677 3877 καὶ
699 3830 829 3893 πρόσωθεν
848 3829 884 3879 ὢν
901 3830 966 3887 θεός.

228 3917 239 3949 ³
257 3919 311 3969 len.
328 3933 366 3967 rs.
386 3919 559 3982 laer-13943
579 3919 748 3969 lam-1⁴36.

227 4009 237 4041 ⁴
254 4009 347 4058 Electr.
364 4022 401 4061 vs.
419 4011 559 4060 508-546.
582 4009 692 4060 “Unicus
708 4016 796 4074 poetae
813 4023 901 4073 scopus
917 4016 955 4057 est
972 4008 1129 4072 Aeschylum
1146 4007 1274 4056 irridere.''

195 4100 363 4164 (Musgrare.)
388 4101 522 4164 Euripides
539 4099 661 4164 spectavit
678 4099 798 4163 Aeschyli
820 4099 844 4146 in
861 4098 1017 4162 chedphoris
1035 4110 1123 4146 versus
1135 4096 1274 4146 los-180⁶

193 4191 339 4249 ree-210,
363 4191 410 4240 231
430 4205 466 4254 sq.
493 4190 564 4239 Vere
585 4189 739 4253 Schlegelius
763 4188 848 4251 (Verl.
864 4189 926 4238 fiber
942 4189 1020 4237 drani.
1037 4189 1122 4238 Kunst
1137 4200 1162 4235 u.
1178 4186 1228 4236 Lis
1246 4185 1271 4234 1²

194 4296 223 4343 p..
234 4281 295 4342 235)
312 4280 343 4328 ds
359 4279 407 4328 hoc
420 4277 478 4341 joce
494 4294 582 4342 parum
598 4285 739 4342 opportune
750 4278 877 4327 observet:
897 4276 952 4325 “die
963 4274 1176 4325 ausdriiekliehste
1190 4276 1273 4326 Ruen-

194 4368 273 4417 “sicht
287 4368 335 4417 ans
347 4367 403 4418 eine
420 4370 497 4418 andra
513 4368 681 4431 Behendlung
695 4368 821 4418 desselben
831 4355 1017 4430 Gegenstendes
1028 4365 1061 4414 ist
1071 4367 1115 4414 des
1126 4365 1272 4424 stiirendste,

194 4457 296 4506 “echter
312 4457 401 4506 Poesie
419 4457 560 4519 lremdeste,
578 4471 628 4506 was
645 4472 671 4506 es
688 4457 767 4520 geben
784 4455 876 4506 kenn.''

1118 4549 1136 4607 4
