<?xml version="1.0" encoding="UTF-8"?>
<!DOCTYPE html PUBLIC "-//W3C//DTD XHTML 1.0 Transitional//EN"
    "http://www.w3.org/TR/xhtml1/DTD/xhtml1-transitional.dtd">
<html xmlns="http://www.w3.org/1999/xhtml" xml:lang="en" lang="en">
 <head>
  <title>
</title>
<meta http-equiv="Content-Type" content="text/html;charset=utf-8" />
  <meta name='ocr-system' content='tesseract 3.04.00' />
  <meta name='ocr-capabilities' content='ocr_page ocr_carea ocr_par ocr_line ocrx_word'/>
</head>
<body>
  <div class='ocr_page' id='page_1' title='image "./specimenliterar02leeugoog_0112.png"; bbox 0 0 3150 5194; ppageno 0'>
   <div class='ocr_carea' id='block_1_1' title="bbox 561 904 914 1036">
    <p class='ocr_par' dir='ltr' id='par_1_1' title="bbox 561 904 914 1036">
     <span class='ocr_line' id='line_1_1' title="bbox 561 904 914 1036; baseline 0 0"><span class='ocrx_word' id='word_1_1' title='bbox 561 957 735 1036; x_wconf 75' lang='lat' dir='ltr'>cneus</span> <span class='ocrx_word' id='word_1_2' title='bbox 762 959 883 1036; x_wconf 77' lang='lat' dir='ltr'>vin.</span> <span class='ocrx_word' id='word_1_3' title='bbox 912 904 914 908; x_wconf 33' lang='lat'>⁵</span> 
     </span>
    </p>
   </div>
   <div class='ocr_carea' id='block_1_2' title="bbox 208 1165 1223 1226">
    <p class='ocr_par' dir='ltr' id='par_1_2' title="bbox 208 1165 1223 1226">
     <span class='ocr_line' id='line_1_2' title="bbox 208 1165 1223 1226; baseline 0 -2"><span class='ocrx_word' id='word_1_4' title='bbox 208 1172 386 1224; x_wconf 84' lang='lat' dir='ltr'>EURIPIDES</span> <span class='ocrx_word' id='word_1_5' title='bbox 410 1179 445 1223; x_wconf 84' lang='lat' dir='ltr'>IN</span> <span class='ocrx_word' id='word_1_6' title='bbox 469 1177 664 1225; x_wconf 76' lang='lat' dir='ltr'>ranaonnns</span> <span class='ocrx_word' id='word_1_7' title='bbox 687 1165 917 1224; x_wconf 70' lang='lat' dir='ltr'>&#39;COMPONENDIS</span> <span class='ocrx_word' id='word_1_8' title='bbox 941 1179 1051 1226; x_wconf 73' lang='lat' dir='ltr'>Manus</span> <span class='ocrx_word' id='word_1_9' title='bbox 1072 1179 1223 1226; x_wconf 77' lang='lat' dir='ltr'>ARTIEEX.</span> 
     </span>
    </p>
   </div>
   <div class='ocr_carea' id='block_1_3' title="bbox 165 1478 1270 3604">
    <p class='ocr_par' dir='ltr' id='par_1_3' title="bbox 168 1478 1253 2682">
     <span class='ocr_line' id='line_1_3' title="bbox 222 1478 1253 1569; baseline 0 -21"><span class='ocrx_word' id='word_1_10' title='bbox 222 1483 390 1550; x_wconf 86' lang='lat' dir='ltr'>Hactenus</span> <span class='ocrx_word' id='word_1_11' title='bbox 424 1485 463 1550; x_wconf 90' lang='lat' dir='ltr'>de</span> <span class='ocrx_word' id='word_1_12' title='bbox 493 1485 533 1550; x_wconf 90' lang='lat' dir='ltr'>iis</span> <span class='ocrx_word' id='word_1_13' title='bbox 564 1482 824 1549; x_wconf 74' lang='lat' dir='ltr'>accusationibus</span> <span class='ocrx_word' id='word_1_14' title='bbox 847 1478 989 1550; x_wconf 89' lang='lat' dir='ltr'>vidimus</span> <span class='ocrx_word' id='word_1_15' title='bbox 1009 1503 1090 1569; x_wconf 89' lang='lat' dir='ltr'>quae</span> <span class='ocrx_word' id='word_1_16' title='bbox 1111 1484 1253 1550; x_wconf 82' lang='lat' dir='ltr'>attinent</span> 
     </span>
     <span class='ocr_line' id='line_1_4' title="bbox 173 1596 1252 1682; baseline 0.001 -21"><span class='ocrx_word' id='word_1_17' title='bbox 173 1598 216 1661; x_wconf 86' lang='lat' dir='ltr'>ad</span> <span class='ocrx_word' id='word_1_18' title='bbox 249 1619 299 1662; x_wconf 88' lang='lat' dir='ltr'>res</span> <span class='ocrx_word' id='word_1_19' title='bbox 338 1598 379 1662; x_wconf 91' lang='lat' dir='ltr'>ab</span> <span class='ocrx_word' id='word_1_20' title='bbox 402 1596 559 1682; x_wconf 77' lang='lat' dir='ltr'>Euripide</span> <span class='ocrx_word' id='word_1_21' title='bbox 593 1603 755 1664; x_wconf 87' lang='lat' dir='ltr'>tractatas.</span> <span class='ocrx_word' id='word_1_22' title='bbox 783 1597 847 1662; x_wconf 85' lang='lat' dir='ltr'>Sed</span> <span class='ocrx_word' id='word_1_23' title='bbox 873 1618 940 1662; x_wconf 92' lang='lat' dir='ltr'>non</span> <span class='ocrx_word' id='word_1_24' title='bbox 962 1598 1113 1664; x_wconf 87' lang='lat' dir='ltr'>materies</span> <span class='ocrx_word' id='word_1_25' title='bbox 1137 1597 1252 1680; x_wconf 90' lang='lat' dir='ltr'>modo,</span> 
     </span>
     <span class='ocr_line' id='line_1_5' title="bbox 171 1707 1252 1797; baseline 0.001 -21"><span class='ocrx_word' id='word_1_26' title='bbox 171 1711 280 1776; x_wconf 90' lang='lat' dir='ltr'>forma</span> <span class='ocrx_word' id='word_1_27' title='bbox 300 1732 428 1796; x_wconf 90' lang='lat' dir='ltr'>quoque</span> <span class='ocrx_word' id='word_1_28' title='bbox 450 1711 488 1775; x_wconf 91' lang='lat' dir='ltr'>ab</span> <span class='ocrx_word' id='word_1_29' title='bbox 511 1709 732 1797; x_wconf 82' lang='lat' dir='ltr'>Aristophane</span> <span class='ocrx_word' id='word_1_30' title='bbox 751 1710 876 1796; x_wconf 88' lang='lat' dir='ltr'>passim</span> <span class='ocrx_word' id='word_1_31' title='bbox 897 1707 1055 1796; x_wconf 88' lang='lat' dir='ltr'>culpetur.</span> <span class='ocrx_word' id='word_1_32' title='bbox 1080 1711 1121 1776; x_wconf 93' lang='lat' dir='ltr'>In</span> <span class='ocrx_word' id='word_1_33' title='bbox 1137 1711 1252 1796; x_wconf 79' lang='lat' dir='ltr'>Capite</span> 
     </span>
     <span class='ocr_line' id='line_1_6' title="bbox 173 1818 1250 1920; baseline -0.002 -31"><span class='ocrx_word' id='word_1_34' title='bbox 173 1825 289 1907; x_wconf 86' lang='lat' dir='ltr'>tertio,</span> <span class='ocrx_word' id='word_1_35' title='bbox 310 1846 412 1920; x_wconf 82' lang='lat' dir='ltr'>quum</span> <span class='ocrx_word' id='word_1_36' title='bbox 434 1845 563 1909; x_wconf 85' lang='lat' dir='ltr'>agerem</span> <span class='ocrx_word' id='word_1_37' title='bbox 590 1825 629 1890; x_wconf 91' lang='lat' dir='ltr'>de</span> <span class='ocrx_word' id='word_1_38' title='bbox 659 1818 837 1910; x_wconf 80' lang='lat' dir='ltr'>Euripides</span> <span class='ocrx_word' id='word_1_39' title='bbox 858 1823 1101 1912; x_wconf 71' lang='grc' dir='ltr'>πολυμηχανίᾳ,</span> <span class='ocrx_word' id='word_1_40' title='bbox 1124 1824 1250 1890; x_wconf 88' lang='lat' dir='ltr'>ostendi</span> 
     </span>
     <span class='ocr_line' id='line_1_7' title="bbox 170 1937 1250 2023; baseline -0.001 -20"><span class='ocrx_word' id='word_1_41' title='bbox 170 1941 207 2003; x_wconf 92' lang='lat' dir='ltr'>in</span> <span class='ocrx_word' id='word_1_42' title='bbox 246 1938 431 2005; x_wconf 82' lang='lat' dir='ltr'>dramatum</span> <span class='ocrx_word' id='word_1_43' title='bbox 463 1938 649 2004; x_wconf 91' lang='lat' dir='ltr'>oeconomia</span> <span class='ocrx_word' id='word_1_44' title='bbox 685 1960 760 2004; x_wconf 90' lang='lat' dir='ltr'>eum</span> <span class='ocrx_word' id='word_1_45' title='bbox 783 1937 974 2023; x_wconf 88' lang='lat' dir='ltr'>plerumque</span> <span class='ocrx_word' id='word_1_46' title='bbox 997 1957 1062 2000; x_wconf 94' lang='lat' dir='ltr'>non</span> <span class='ocrx_word' id='word_1_47' title='bbox 1085 1957 1156 2002; x_wconf 89' lang='lat' dir='ltr'>esse</span> <span class='ocrx_word' id='word_1_48' title='bbox 1178 1937 1250 2002; x_wconf 89' lang='lat' dir='ltr'>lau-</span> 
     </span>
     <span class='ocr_line' id='line_1_8' title="bbox 171 2049 1249 2138; baseline -0.003 -21"><span class='ocrx_word' id='word_1_49' title='bbox 171 2051 318 2117; x_wconf 90' lang='lat' dir='ltr'>dandum</span> <span class='ocrx_word' id='word_1_50' title='bbox 334 2052 358 2135; x_wconf 87' lang='lat'>¹,</span> <span class='ocrx_word' id='word_1_51' title='bbox 382 2074 483 2138; x_wconf 90' lang='lat' dir='ltr'>quum</span> <span class='ocrx_word' id='word_1_52' title='bbox 504 2051 602 2117; x_wconf 92' lang='lat' dir='ltr'>nimis</span> <span class='ocrx_word' id='word_1_53' title='bbox 625 2051 748 2135; x_wconf 89' lang='lat' dir='ltr'>multa,</span> <span class='ocrx_word' id='word_1_54' title='bbox 771 2071 871 2135; x_wconf 88' lang='lat' dir='ltr'>eaque</span> <span class='ocrx_word' id='word_1_55' title='bbox 890 2069 1006 2133; x_wconf 89' lang='lat' dir='ltr'>parum</span> <span class='ocrx_word' id='word_1_56' title='bbox 1031 2049 1249 2132; x_wconf 77' lang='lat' dir='ltr'>cohaerentia,</span> 
     </span>
     <span class='ocr_line' id='line_1_9' title="bbox 170 2162 1250 2251; baseline -0.002 -22"><span class='ocrx_word' id='word_1_57' title='bbox 170 2165 205 2229; x_wconf 92' lang='lat' dir='ltr'>in</span> <span class='ocrx_word' id='word_1_58' title='bbox 237 2166 377 2251; x_wconf 84' lang='lat' dir='ltr'>singulis</span> <span class='ocrx_word' id='word_1_59' title='bbox 411 2164 532 2230; x_wconf 86' lang='lat' dir='ltr'>fabulis</span> <span class='ocrx_word' id='word_1_60' title='bbox 568 2164 771 2230; x_wconf 87' lang='lat' dir='ltr'>accumulare</span> <span class='ocrx_word' id='word_1_61' title='bbox 795 2164 907 2230; x_wconf 88' lang='lat' dir='ltr'>soleat.</span> <span class='ocrx_word' id='word_1_62' title='bbox 933 2162 1005 2228; x_wconf 92' lang='lat' dir='ltr'>Hac</span> <span class='ocrx_word' id='word_1_63' title='bbox 1027 2164 1067 2228; x_wconf 92' lang='lat' dir='ltr'>de</span> <span class='ocrx_word' id='word_1_64' title='bbox 1089 2184 1122 2228; x_wconf 88' lang='lat' dir='ltr'>re</span> <span class='ocrx_word' id='word_1_65' title='bbox 1148 2183 1250 2249; x_wconf 89' lang='lat' dir='ltr'>quum</span> 
     </span>
     <span class='ocr_line' id='line_1_10' title="bbox 170 2275 1249 2362; baseline -0.003 -20"><span class='ocrx_word' id='word_1_66' title='bbox 170 2279 287 2344; x_wconf 90' lang='lat' dir='ltr'>multis</span> <span class='ocrx_word' id='word_1_67' title='bbox 320 2278 425 2344; x_wconf 90' lang='lat' dir='ltr'>verbis</span> <span class='ocrx_word' id='word_1_68' title='bbox 458 2300 565 2344; x_wconf 89' lang='lat' dir='ltr'>meam</span> <span class='ocrx_word' id='word_1_69' title='bbox 597 2277 794 2344; x_wconf 90' lang='lat' dir='ltr'>sententiam</span> <span class='ocrx_word' id='word_1_70' title='bbox 812 2276 883 2362; x_wconf 89' lang='lat' dir='ltr'>jam</span> <span class='ocrx_word' id='word_1_71' title='bbox 910 2275 1137 2362; x_wconf 84' lang='lat' dir='ltr'>explicuerim,</span> <span class='ocrx_word' id='word_1_72' title='bbox 1162 2297 1249 2340; x_wconf 90' lang='lat' dir='ltr'>nunc</span> 
     </span>
     <span class='ocr_line' id='line_1_11' title="bbox 170 2389 1249 2472; baseline -0.003 -16"><span class='ocrx_word' id='word_1_73' title='bbox 170 2412 237 2458; x_wconf 90' lang='lat' dir='ltr'>non</span> <span class='ocrx_word' id='word_1_74' title='bbox 272 2392 391 2458; x_wconf 90' lang='lat' dir='ltr'>iterum</span> <span class='ocrx_word' id='word_1_75' title='bbox 425 2392 539 2457; x_wconf 80' lang='lat' dir='ltr'>dicam.</span> <span class='ocrx_word' id='word_1_76' title='bbox 590 2391 654 2458; x_wconf 86' lang='lat' dir='ltr'>Sed</span> <span class='ocrx_word' id='word_1_77' title='bbox 674 2391 738 2456; x_wconf 91' lang='lat' dir='ltr'>duo</span> <span class='ocrx_word' id='word_1_78' title='bbox 770 2396 848 2456; x_wconf 87' lang='lat' dir='ltr'>sunt</span> <span class='ocrx_word' id='word_1_79' title='bbox 875 2389 958 2472; x_wconf 89' lang='lat' dir='ltr'>alia,</span> <span class='ocrx_word' id='word_1_80' title='bbox 991 2389 1033 2453; x_wconf 90' lang='lat' dir='ltr'>ad</span> <span class='ocrx_word' id='word_1_81' title='bbox 1065 2389 1249 2455; x_wconf 90' lang='lat' dir='ltr'>dramatum</span> 
     </span>
     <span class='ocr_line' id='line_1_12' title="bbox 168 2501 1245 2589; baseline -0.003 -21"><span class='ocrx_word' id='word_1_82' title='bbox 168 2509 369 2570; x_wconf 87' lang='lat' dir='ltr'>structuram</span> <span class='ocrx_word' id='word_1_83' title='bbox 390 2503 603 2589; x_wconf 88' lang='lat' dir='ltr'>pertinentia,</span> <span class='ocrx_word' id='word_1_84' title='bbox 630 2504 669 2569; x_wconf 92' lang='lat' dir='ltr'>de</span> <span class='ocrx_word' id='word_1_85' title='bbox 696 2503 813 2589; x_wconf 91' lang='lat' dir='ltr'>quibus</span> <span class='ocrx_word' id='word_1_86' title='bbox 841 2503 901 2567; x_wconf 92' lang='lat' dir='ltr'>hoc</span> <span class='ocrx_word' id='word_1_87' title='bbox 925 2501 996 2567; x_wconf 89' lang='lat' dir='ltr'>loco</span> <span class='ocrx_word' id='word_1_88' title='bbox 1018 2502 1245 2587; x_wconf 91' lang='lat' dir='ltr'>exponendum</span> 
     </span>
     <span class='ocr_line' id='line_1_13' title="bbox 170 2617 269 2682; baseline 0.01 -1"><span class='ocrx_word' id='word_1_89' title='bbox 170 2617 269 2682; x_wconf 68' lang='lat' dir='ltr'>erit2.</span> 
     </span>
    </p>

    <p class='ocr_par' dir='ltr' id='par_1_4' title="bbox 165 2727 1270 3604">
     <span class='ocr_line' id='line_1_14' title="bbox 216 2727 1248 2815; baseline -0.003 -22"><span class='ocrx_word' id='word_1_90' title='bbox 216 2729 392 2815; x_wconf 88' lang='lat' dir='ltr'>Praecipue</span> <span class='ocrx_word' id='word_1_91' title='bbox 415 2731 448 2794; x_wconf 91' lang='lat' dir='ltr'>in</span> <span class='ocrx_word' id='word_1_92' title='bbox 472 2752 607 2796; x_wconf 89' lang='lat' dir='ltr'>censum</span> <span class='ocrx_word' id='word_1_93' title='bbox 630 2730 683 2796; x_wconf 93' lang='lat' dir='ltr'>hic</span> <span class='ocrx_word' id='word_1_94' title='bbox 706 2730 844 2795; x_wconf 88' lang='lat' dir='ltr'>veniunt</span> <span class='ocrx_word' id='word_1_95' title='bbox 866 2728 1013 2814; x_wconf 86' lang='lat' dir='ltr'>prologi,</span> <span class='ocrx_word' id='word_1_96' title='bbox 1039 2727 1157 2813; x_wconf 88' lang='lat' dir='ltr'>quibus</span> <span class='ocrx_word' id='word_1_97' title='bbox 1182 2748 1248 2792; x_wconf 91' lang='lat' dir='ltr'>non</span> 
     </span>
     <span class='ocr_line' id='line_1_15' title="bbox 167 2839 1245 2928; baseline -0.005 -21"><span class='ocrx_word' id='word_1_98' title='bbox 167 2842 350 2928; x_wconf 83' lang='lat' dir='ltr'>pepercisse</span> <span class='ocrx_word' id='word_1_99' title='bbox 388 2841 643 2926; x_wconf 85' lang='lat' dir='ltr'>Aristophanem</span> <span class='ocrx_word' id='word_1_100' title='bbox 685 2841 757 2926; x_wconf 92' lang='lat' dir='ltr'>quis</span> <span class='ocrx_word' id='word_1_101' title='bbox 791 2841 946 2924; x_wconf 88' lang='lat' dir='ltr'>miretur,</span> <span class='ocrx_word' id='word_1_102' title='bbox 983 2840 1040 2927; x_wconf 92' lang='lat' dir='ltr'>qui</span> <span class='ocrx_word' id='word_1_103' title='bbox 1074 2839 1156 2905; x_wconf 84' lang='lat' dir='ltr'>sciat</span> <span class='ocrx_word' id='word_1_104' title='bbox 1191 2858 1245 2903; x_wconf 91' lang='lat' dir='ltr'>eos</span> 
     </span>
     <span class='ocr_line' id='line_1_16' title="bbox 166 2953 1270 3047; baseline -0.005 -27"><span class='ocrx_word' id='word_1_105' title='bbox 166 2957 312 3041; x_wconf 89' lang='lat' dir='ltr'>primum</span> <span class='ocrx_word' id='word_1_106' title='bbox 334 2955 375 3019; x_wconf 87' lang='lat' dir='ltr'>ab</span> <span class='ocrx_word' id='word_1_107' title='bbox 399 2954 555 3041; x_wconf 83' lang='lat' dir='ltr'>Euripide</span> <span class='ocrx_word' id='word_1_108' title='bbox 577 2954 752 3041; x_wconf 86' lang='lat' dir='ltr'>tragoediis</span> <span class='ocrx_word' id='word_1_109' title='bbox 766 2953 926 3039; x_wconf 85' lang='lat' dir='ltr'>praefixos</span> <span class='ocrx_word' id='word_1_110' title='bbox 941 2953 1060 3036; x_wconf 86' lang='lat' dir='ltr'>fuisse,</span> <span class='ocrx_word' id='word_1_111' title='bbox 1079 2959 1113 3018; x_wconf 89' lang='lat' dir='ltr'>et</span> <span class='ocrx_word' id='word_1_112' title='bbox 1124 2958 1246 3037; x_wconf 91' lang='lat' dir='ltr'>quanto</span> <span class='ocrx_word' id='word_1_113' title='bbox 1266 3039 1270 3047; x_wconf 93' lang='lat'>.</span> 
     </span>
     <span class='ocr_line' id='line_1_17' title="bbox 167 3064 1245 3154; baseline -0.005 -22"><span class='ocrx_word' id='word_1_114' title='bbox 167 3067 325 3134; x_wconf 84' lang='lat' dir='ltr'>novitatis</span> <span class='ocrx_word' id='word_1_115' title='bbox 360 3068 434 3132; x_wconf 93' lang='lat' dir='ltr'>odio</span> <span class='ocrx_word' id='word_1_116' title='bbox 467 3068 607 3154; x_wconf 84' lang='lat' dir='ltr'>comicus</span> <span class='ocrx_word' id='word_1_117' title='bbox 642 3067 818 3152; x_wconf 84' lang='lat' dir='ltr'>flagraret?</span> <span class='ocrx_word' id='word_1_118' title='bbox 852 3067 901 3132; x_wconf 89' lang='lat' dir='ltr'>De</span> <span class='ocrx_word' id='word_1_119' title='bbox 934 3067 974 3131; x_wconf 91' lang='lat' dir='ltr'>iis</span> <span class='ocrx_word' id='word_1_120' title='bbox 1001 3067 1071 3151; x_wconf 85' lang='lat' dir='ltr'>agit</span> <span class='ocrx_word' id='word_1_121' title='bbox 1097 3064 1131 3128; x_wconf 93' lang='lat' dir='ltr'>in</span> <span class='ocrx_word' id='word_1_122' title='bbox 1154 3071 1245 3149; x_wconf 85' lang='lat' dir='ltr'>parte</span> 
     </span>
     <span class='ocr_line' id='line_1_18' title="bbox 167 3177 1244 3267; baseline -0.005 -21"><span class='ocrx_word' id='word_1_123' title='bbox 167 3181 335 3248; x_wconf 89' lang='lat' dir='ltr'>Ranarum</span> <span class='ocrx_word' id='word_1_124' title='bbox 358 3180 572 3267; x_wconf 84' lang='lat' dir='ltr'>perridicula,</span> <span class='ocrx_word' id='word_1_125' title='bbox 600 3181 657 3245; x_wconf 92' lang='lat' dir='ltr'>ubi</span> <span class='ocrx_word' id='word_1_126' title='bbox 677 3179 859 3264; x_wconf 86' lang='lat' dir='ltr'>Aeschylus</span> <span class='ocrx_word' id='word_1_127' title='bbox 876 3178 1105 3254; x_wconf 66' lang='lat' dir='ltr'>&amp;oblocutioni</span> <span class='ocrx_word' id='word_1_128' title='bbox 1126 3177 1244 3243; x_wconf 91' lang='lat' dir='ltr'>conde-</span> 
     </span>
     <span class='ocr_line' id='line_1_19' title="bbox 166 3289 1245 3379; baseline -0.005 -21"><span class='ocrx_word' id='word_1_129' title='bbox 166 3301 262 3360; x_wconf 90' lang='lat' dir='ltr'>mnat</span> <span class='ocrx_word' id='word_1_130' title='bbox 284 3293 534 3379; x_wconf 83' lang='lat' dir='ltr'>Euripideorum</span> <span class='ocrx_word' id='word_1_131' title='bbox 556 3294 740 3359; x_wconf 90' lang='lat' dir='ltr'>dramatum</span> <span class='ocrx_word' id='word_1_132' title='bbox 763 3291 904 3357; x_wconf 87' lang='lat' dir='ltr'>exordia.</span> <span class='ocrx_word' id='word_1_133' title='bbox 932 3289 1064 3356; x_wconf 85' lang='lat' dir='ltr'>Scilicet</span> <span class='ocrx_word' id='word_1_134' title='bbox 1087 3289 1245 3374; x_wconf 80' lang='lat' dir='ltr'>Euripide</span> 
     </span>
     <span class='ocr_line' id='line_1_20' title="bbox 166 3401 1240 3490; baseline -0.003 -20"><span class='ocrx_word' id='word_1_135' title='bbox 166 3406 325 3472; x_wconf 87' lang='lat' dir='ltr'>recitante</span> <span class='ocrx_word' id='word_1_136' title='bbox 346 3405 468 3490; x_wconf 90' lang='lat' dir='ltr'>primos</span> <span class='ocrx_word' id='word_1_137' title='bbox 488 3426 601 3470; x_wconf 87' lang='lat' dir='ltr'>versus</span> <span class='ocrx_word' id='word_1_138' title='bbox 626 3425 758 3470; x_wconf 88' lang='lat' dir='ltr'>suarum</span> <span class='ocrx_word' id='word_1_139' title='bbox 776 3401 1036 3488; x_wconf 84' lang='lat' dir='ltr'>tragoediarum,</span> <span class='ocrx_word' id='word_1_140' title='bbox 1058 3402 1240 3487; x_wconf 87' lang='lat' dir='ltr'>Aeschylus</span> 
     </span>
     <span class='ocr_line' id='line_1_21' title="bbox 165 3514 1244 3604; baseline -0.004 -21"><span class='ocrx_word' id='word_1_141' title='bbox 165 3519 294 3604; x_wconf 89' lang='lat' dir='ltr'>quoties</span> <span class='ocrx_word' id='word_1_142' title='bbox 317 3518 517 3584; x_wconf 84' lang='lat' dir='ltr'>occasionem</span> <span class='ocrx_word' id='word_1_143' title='bbox 540 3518 652 3583; x_wconf 89' lang='lat' dir='ltr'>datam</span> <span class='ocrx_word' id='word_1_144' title='bbox 675 3515 738 3582; x_wconf 90' lang='lat' dir='ltr'>sibi</span> <span class='ocrx_word' id='word_1_145' title='bbox 762 3515 871 3599; x_wconf 87' lang='lat' dir='ltr'>videt,</span> <span class='ocrx_word' id='word_1_146' title='bbox 889 3514 1058 3580; x_wconf 89' lang='lat' dir='ltr'>desinente</span> <span class='ocrx_word' id='word_1_147' title='bbox 1082 3516 1244 3581; x_wconf 85' lang='lat' dir='ltr'>sententia</span> 
     </span>
    </p>
   </div>
   <div class='ocr_carea' id='block_1_4' title="bbox 163 3739 1307 4525">
    <p class='ocr_par' dir='ltr' id='par_1_5' title="bbox 164 3739 1243 3898">
     <span class='ocr_line' id='line_1_22' title="bbox 199 3739 1243 3806; baseline -0.006 -12"><span class='ocrx_word' id='word_1_148' title='bbox 199 3745 208 3777; x_wconf 88' lang='lat'>¹</span> <span class='ocrx_word' id='word_1_149' title='bbox 228 3744 378 3794; x_wconf 78' lang='lat' dir='ltr'>Aristoteles</span> <span class='ocrx_word' id='word_1_150' title='bbox 402 3744 474 3794; x_wconf 79' lang='lat' dir='ltr'>Post.</span> <span class='ocrx_word' id='word_1_151' title='bbox 501 3744 541 3793; x_wconf 82' lang='lat'>13:</span> <span class='ocrx_word' id='word_1_152' title='bbox 568 3743 609 3792; x_wconf 76' lang='lat' dir='ltr'>sai</span> <span class='ocrx_word' id='word_1_153' title='bbox 634 3743 647 3791; x_wconf 83' lang='grc' dir='ltr'>ὁ</span> <span class='ocrx_word' id='word_1_154' title='bbox 675 3740 826 3806; x_wconf 80' lang='grc' dir='ltr'><strong><em>Εὐριπίδης,</em></strong></span> <span class='ocrx_word' id='word_1_155' title='bbox 852 3740 873 3789; x_wconf 78' lang='grc' dir='ltr'>εἰ</span> <span class='ocrx_word' id='word_1_156' title='bbox 889 3743 931 3789; x_wconf 72' lang='grc' dir='ltr'>καὶ</span> <span class='ocrx_word' id='word_1_157' title='bbox 949 3742 980 3789; x_wconf 85' lang='grc' dir='ltr'>τὰ</span> <span class='ocrx_word' id='word_1_158' title='bbox 998 3739 1067 3788; x_wconf 80' lang='grc' dir='ltr'>ἄλλα</span> <span class='ocrx_word' id='word_1_159' title='bbox 1083 3741 1118 3804; x_wconf 80' lang='grc' dir='ltr'><strong><em>μή</em></strong></span> <span class='ocrx_word' id='word_1_160' title='bbox 1136 3742 1161 3789; x_wconf 84' lang='grc' dir='ltr'>εὖ</span> <span class='ocrx_word' id='word_1_161' title='bbox 1178 3739 1243 3788; x_wconf 72' lang='lat' dir='ltr'>oiso-</span> 
     </span>
     <span class='ocr_line' id='line_1_23' title="bbox 164 3833 395 3898; baseline 0 -16"><span class='ocrx_word' id='word_1_162' title='bbox 164 3837 250 3898; x_wconf 83' lang='grc' dir='ltr'><em>νομεῖ,</em></span> <span class='ocrx_word' id='word_1_163' title='bbox 266 3833 334 3883; x_wconf 83' lang='grc' dir='ltr'>ἀλλὰ</span> <span class='ocrx_word' id='word_1_164' title='bbox 350 3842 395 3884; x_wconf 80' lang='lat' dir='ltr'>etc.</span> 
     </span>
    </p>

    <p class='ocr_par' dir='ltr' id='par_1_6' title="bbox 163 3916 1307 4525">
     <span class='ocr_line' id='line_1_24' title="bbox 197 3916 1242 3986; baseline -0.009 -13"><span class='ocrx_word' id='word_1_165' title='bbox 197 3922 208 3954; x_wconf 80' lang='lat'>²</span> <span class='ocrx_word' id='word_1_166' title='bbox 226 3919 343 3973; x_wconf 78' lang='lat' dir='ltr'>Fortasse</span> <span class='ocrx_word' id='word_1_167' title='bbox 365 3929 502 3986; x_wconf 84' lang='lat' dir='ltr'>praestaret</span> <span class='ocrx_word' id='word_1_168' title='bbox 525 3923 547 3970; x_wconf 86' lang='lat' dir='ltr'>si</span> <span class='ocrx_word' id='word_1_169' title='bbox 563 3922 646 3970; x_wconf 88' lang='lat' dir='ltr'>omnia</span> <span class='ocrx_word' id='word_1_170' title='bbox 665 3936 727 3985; x_wconf 85' lang='lat' dir='ltr'>quae</span> <span class='ocrx_word' id='word_1_171' title='bbox 744 3926 857 3985; x_wconf 83' lang='lat' dir='ltr'>spectant</span> <span class='ocrx_word' id='word_1_172' title='bbox 872 3921 904 3968; x_wconf 81' lang='lat' dir='ltr'>sd</span> <span class='ocrx_word' id='word_1_173' title='bbox 921 3922 1059 3968; x_wconf 87' lang='lat' dir='ltr'>dramatum</span> <span class='ocrx_word' id='word_1_174' title='bbox 1076 3916 1242 3966; x_wconf 85' lang='lat' dir='ltr'>oeconomiam</span> 
     </span>
     <span class='ocr_line' id='line_1_25' title="bbox 164 4006 1242 4072; baseline -0.005 -11"><span class='ocrx_word' id='word_1_175' title='bbox 164 4027 216 4062; x_wconf 90' lang='lat' dir='ltr'>uno</span> <span class='ocrx_word' id='word_1_176' title='bbox 241 4021 325 4063; x_wconf 83' lang='lat' dir='ltr'>tenore</span> <span class='ocrx_word' id='word_1_177' title='bbox 348 4012 515 4072; x_wconf 82' lang='lat' dir='ltr'>absolvissem,</span> <span class='ocrx_word' id='word_1_178' title='bbox 540 4013 584 4061; x_wconf 87' lang='lat' dir='ltr'>ssd</span> <span class='ocrx_word' id='word_1_179' title='bbox 608 4026 660 4060; x_wconf 90' lang='lat' dir='ltr'>non</span> <span class='ocrx_word' id='word_1_180' title='bbox 684 4010 773 4061; x_wconf 86' lang='lat' dir='ltr'>inveni·</span> <span class='ocrx_word' id='word_1_181' title='bbox 797 4009 943 4059; x_wconf 66' lang='lat' dir='ltr'>&amp;visionem</span> <span class='ocrx_word' id='word_1_182' title='bbox 960 4021 1021 4071; x_wconf 83' lang='lat' dir='ltr'>quse</span> <span class='ocrx_word' id='word_1_183' title='bbox 1042 4007 1068 4055; x_wconf 93' lang='lat' dir='ltr'>id</span> <span class='ocrx_word' id='word_1_184' title='bbox 1084 4006 1146 4056; x_wconf 88' lang='lat' dir='ltr'>mihi</span> <span class='ocrx_word' id='word_1_185' title='bbox 1160 4006 1242 4056; x_wconf 81' lang='lat' dir='ltr'>iacere</span> 
     </span>
     <span class='ocr_line' id='line_1_26' title="bbox 163 4094 1242 4166; baseline -0.008 -12"><span class='ocrx_word' id='word_1_186' title='bbox 163 4103 324 4166; x_wconf 80' lang='lat' dir='ltr'>permitteret</span> <span class='ocrx_word' id='word_1_187' title='bbox 346 4113 371 4154; x_wconf 81' lang='lat' dir='ltr'>et</span> <span class='ocrx_word' id='word_1_188' title='bbox 394 4103 468 4153; x_wconf 90' lang='lat' dir='ltr'>simul</span> <span class='ocrx_word' id='word_1_189' title='bbox 491 4102 548 4152; x_wconf 82' lang='lat' dir='ltr'>aliis</span> <span class='ocrx_word' id='word_1_190' title='bbox 572 4117 668 4166; x_wconf 86' lang='lat' dir='ltr'>quoque</span> <span class='ocrx_word' id='word_1_191' title='bbox 692 4100 832 4150; x_wconf 83' lang='lat' dir='ltr'>nominibus</span> <span class='ocrx_word' id='word_1_192' title='bbox 856 4098 916 4148; x_wconf 78' lang='lat' dir='ltr'>satis</span> <span class='ocrx_word' id='word_1_193' title='bbox 936 4104 1002 4146; x_wconf 87' lang='lat' dir='ltr'>esset</span> <span class='ocrx_word' id='word_1_194' title='bbox 1017 4094 1155 4160; x_wconf 83' lang='lat' dir='ltr'>probabilis.</span> <span class='ocrx_word' id='word_1_195' title='bbox 1173 4096 1242 4157; x_wconf 77' lang='lat' dir='ltr'>Quae</span> 
     </span>
     <span class='ocr_line' id='line_1_27' title="bbox 164 4185 1307 4257; baseline -0.009 -14"><span class='ocrx_word' id='word_1_196' title='bbox 164 4193 235 4243; x_wconf 83' lang='lat' dir='ltr'>euim</span> <span class='ocrx_word' id='word_1_197' title='bbox 264 4191 392 4257; x_wconf 85' lang='lat' dir='ltr'>Capitibus</span> <span class='ocrx_word' id='word_1_198' title='bbox 422 4193 524 4243; x_wconf 88' lang='lat' dir='ltr'>11-1v</span> <span class='ocrx_word' id='word_1_199' title='bbox 550 4191 666 4254; x_wconf 86' lang='lat' dir='ltr'>exposui,</span> <span class='ocrx_word' id='word_1_200' title='bbox 694 4204 723 4239; x_wconf 87' lang='lat' dir='ltr'>sa</span> <span class='ocrx_word' id='word_1_201' title='bbox 747 4204 797 4238; x_wconf 92' lang='lat' dir='ltr'>non</span> <span class='ocrx_word' id='word_1_202' title='bbox 820 4187 958 4237; x_wconf 81' lang='lat' dir='ltr'>divellenda</span> <span class='ocrx_word' id='word_1_203' title='bbox 981 4185 1139 4250; x_wconf 78' lang='lat' dir='ltr'>videbantur3</span> <span class='ocrx_word' id='word_1_204' title='bbox 1164 4200 1242 4249; x_wconf 91' lang='lat' dir='ltr'>quum</span> <span class='ocrx_word' id='word_1_205' title='bbox 1305 4189 1307 4194; x_wconf 90' lang='lat'>&#39;</span> 
     </span>
     <span class='ocr_line' id='line_1_28' title="bbox 164 4273 1241 4346; baseline -0.008 -14"><span class='ocrx_word' id='word_1_206' title='bbox 164 4291 250 4332; x_wconf 82' lang='lat' dir='ltr'>autem</span> <span class='ocrx_word' id='word_1_207' title='bbox 267 4283 405 4334; x_wconf 79' lang='lat' dir='ltr'>statuissem</span> <span class='ocrx_word' id='word_1_208' title='bbox 422 4283 491 4346; x_wconf 87' lang='lat' dir='ltr'>prius</span> <span class='ocrx_word' id='word_1_209' title='bbox 508 4283 540 4330; x_wconf 86' lang='lat' dir='ltr'>ds</span> <span class='ocrx_word' id='word_1_210' title='bbox 558 4281 632 4330; x_wconf 73' lang='lat' dir='ltr'>rebus</span> <span class='ocrx_word' id='word_1_211' title='bbox 648 4281 680 4329; x_wconf 81' lang='lat' dir='ltr'>ab</span> <span class='ocrx_word' id='word_1_212' title='bbox 696 4278 818 4343; x_wconf 85' lang='lat' dir='ltr'>Euripide</span> <span class='ocrx_word' id='word_1_213' title='bbox 831 4276 941 4326; x_wconf 80' lang='lat' dir='ltr'>tractatis</span> <span class='ocrx_word' id='word_1_214' title='bbox 951 4273 1241 4339; x_wconf 81' lang='lat' dir='ltr'>egere,idquodjsmad</span> 
     </span>
     <span class='ocr_line' id='line_1_29' title="bbox 165 4363 1242 4436; baseline -0.006 -16"><span class='ocrx_word' id='word_1_215' title='bbox 165 4370 242 4421; x_wconf 87' lang='lat' dir='ltr'>finam</span> <span class='ocrx_word' id='word_1_216' title='bbox 265 4372 383 4436; x_wconf 83' lang='lat' dir='ltr'>perduxi,</span> <span class='ocrx_word' id='word_1_217' title='bbox 407 4372 495 4421; x_wconf 82' lang='lat' dir='ltr'>deinde</span> <span class='ocrx_word' id='word_1_218' title='bbox 514 4373 545 4419; x_wconf 89' lang='lat' dir='ltr'>de</span> <span class='ocrx_word' id='word_1_219' title='bbox 567 4370 597 4418; x_wconf 92' lang='lat' dir='ltr'>iis</span> <span class='ocrx_word' id='word_1_220' title='bbox 613 4384 675 4434; x_wconf 83' lang='lat' dir='ltr'>quae</span> <span class='ocrx_word' id='word_1_221' title='bbox 685 4369 801 4430; x_wconf 82' lang='lat' dir='ltr'>sormam</span> <span class='ocrx_word' id='word_1_222' title='bbox 817 4366 859 4415; x_wconf 80' lang='lat' dir='ltr'>vel</span> <span class='ocrx_word' id='word_1_223' title='bbox 874 4364 966 4429; x_wconf 83' lang='lat' dir='ltr'>stylum</span> <span class='ocrx_word' id='word_1_224' title='bbox 983 4363 1118 4427; x_wconf 79' lang='lat' dir='ltr'>attingunt,</span> <span class='ocrx_word' id='word_1_225' title='bbox 1136 4363 1162 4412; x_wconf 86' lang='lat' dir='ltr'>id</span> <span class='ocrx_word' id='word_1_226' title='bbox 1177 4366 1242 4426; x_wconf 86' lang='lat' dir='ltr'>qnod</span> 
     </span>
     <span class='ocr_line' id='line_1_30' title="bbox 166 4450 1140 4525; baseline -0.01 -15"><span class='ocrx_word' id='word_1_227' title='bbox 166 4476 233 4511; x_wconf 83' lang='lat' dir='ltr'>nmrc</span> <span class='ocrx_word' id='word_1_228' title='bbox 250 4461 398 4525; x_wconf 81' lang='lat' dir='ltr'>aggredior,</span> <span class='ocrx_word' id='word_1_229' title='bbox 415 4462 508 4510; x_wconf 83' lang='lat' dir='ltr'>evitare</span> <span class='ocrx_word' id='word_1_230' title='bbox 524 4473 573 4509; x_wconf 93' lang='lat' dir='ltr'>non</span> <span class='ocrx_word' id='word_1_231' title='bbox 590 4459 658 4523; x_wconf 89' lang='lat' dir='ltr'>potui</span> <span class='ocrx_word' id='word_1_232' title='bbox 675 4457 738 4507; x_wconf 87' lang='lat' dir='ltr'>iilud</span> <span class='ocrx_word' id='word_1_233' title='bbox 754 4457 781 4505; x_wconf 93' lang='lat' dir='ltr'>in</span> <span class='ocrx_word' id='word_1_234' title='bbox 797 4452 935 4520; x_wconf 82' lang='lat' dir='ltr'>digerendo</span> <span class='ocrx_word' id='word_1_235' title='bbox 952 4450 1140 4503; x_wconf 85' lang='lat' dir='ltr'>mcommodurn.</span> 
     </span>
    </p>
   </div>
   <div class='ocr_carea' id='block_1_5' title="bbox 1089 4543 1107 4603">
    <p class='ocr_par' dir='ltr' id='par_1_7' title="bbox 1089 4543 1107 4603">
     <span class='ocr_line' id='line_1_31' title="bbox 1089 4543 1107 4603; baseline 0 0"><span class='ocrx_word' id='word_1_236' title='bbox 1089 4543 1107 4603; x_wconf 88' lang='lat'><strong>7</strong></span> 
     </span>
    </p>
   </div>
   <div class='ocr_carea' id='block_1_6' title="bbox 0 0 1580 5194">
    <p class='ocr_par' dir='ltr' id='par_1_8' title="bbox 0 0 1580 5194">
     <span class='ocr_line' id='line_1_32' title="bbox 0 0 1580 5194; baseline 0 4"><span class='ocrx_word' id='word_1_237' title='bbox 0 0 1580 5194; x_wconf 95' lang='lat' dir='ltr'> </span> 
     </span>
    </p>
   </div>
  </div>
 </body>
</html>
