3150 5196
711 382 752 444 35

191 567 250 632 sed
286 572 380 632 natus
413 565 454 630 ad
486 587 566 651 opus
598 563 783 650 Musarum,
815 588 878 631 non
904 565 1018 631 dubito
1042 565 1120 652 quin
1145 585 1265 632 novum

192 679 339 744 scenicae
370 679 476 764 poesis
504 700 608 764 genus
630 679 870 764 excogitaturus
894 679 1027 762 fuisset,
1052 681 1119 745 suis
1143 678 1265 745 viribus

189 791 390 876 respondens
415 813 518 878 ucque
540 813 691 878 pugnans
706 812 780 856 cum
794 791 956 860 sentiendi
969 798 1001 857 et
1013 792 1266 879 philosophandi

188 904 316 970 ratione
344 926 425 990 quae
452 904 481 970 ei
513 911 582 970 erat
614 905 757 990 propria:
792 905 918 990 primus
950 907 1064 991 opinor
1096 908 1152 973 ille
1181 907 1264 973 exti-

189 1018 288 1084 tisset
329 1022 440 1082 auctor
475 1039 576 1083 novae
610 1017 801 1082 comoediae.
851 1018 1059 1092 Numisius
1100 1042 1159 1086 sua
1190 1042 1265 1086 eum

189 1136 309 1196 natura
339 1130 482 1212 ferebat,
517 1137 550 1196 et
578 1132 700 1196 multae
735 1151 774 1196 ex
805 1131 874 1216 ejus
907 1131 1027 1198 sabulis
1055 1134 1201 1218 proxime
1225 1134 1263 1198 ad

189 1265 264 1308 cam
288 1243 446 1308 accedunt
461 1243 480 1307 ¹.
530 1244 662 1310 Scilicet
684 1244 829 1309 maxima
851 1244 1018 1328 Euripidis
1042 1245 1130 1329 laus,
1147 1252 1185 1311 ut
1195 1245 1264 1330 jam

193 1356 355 1440 indicavi,
391 1361 442 1424 est
476 1357 584 1442 posita
617 1357 652 1421 in
683 1357 858 1444 pingendis
890 1358 1121 1444 movendisque
1143 1358 1266 1426 affecti·

192 1471 255 1534 bus
270 1480 294 1553 Ξ,
318 1476 352 1535 ot
376 1468 411 1533 in
435 1476 583 1535 accurate
605 1469 807 1536 delineandis
833 1471 1005 1537 hominurn
1019 1472 1175 1558 moribus,
1193 1473 1266 1558 qui-

191 1583 256 1648 bus
285 1581 319 1646 in
350 1585 517 1670 tragoedia
544 1606 610 1649 uon
641 1591 752 1649 tantus
776 1592 827 1650 est
849 1585 938 1651 locus
961 1590 1102 1670 quantus
1126 1584 1160 1650 in
1184 1607 1268 1650 nova

193 1695 362 1762 comoedia
375 1704 400 1775 ³3
433 1696 465 1762 id
499 1697 585 1783 quod
613 1697 799 1763 hlotamen
821 1698 970 1783 pluribus
996 1719 1061 1763 non
1083 1718 1266 1784 persequar,

192 1831 270 1874 cum
301 1811 342 1874 ab
364 1819 563 1909 argumento⁸
581 1810 866 1877 commentationis
892 1811 937 1876 sit
957 1811 1123 1876 remotius.
1173 1809 1269 1875 Nunc

192 1943 271 1987 vero
304 1922 476 2009 Euripides
507 1947 625 1990 novam
657 1925 826 1991 materiem
855 1924 962 2010 coegit
982 1924 1018 1988 in
1041 1924 1161 1990 formas
1181 1923 1268 1988 anti-

193 2057 293 2121 quas,
316 2038 450 2103 servatis
474 2039 573 2104 etiam
595 2021 739 2125 antiquis
762 2039 991 2116 nominibus⁴3
1017 2037 1064 2103 sic
1083 2043 1269 2102 nataesunt
1350 2036 1353 2039 ’

194 2148 274 2214 illae
295 2151 600 2236 tragicooomoediae
622 2152 675 2218 vel
692 2151 997 2238 hilarotragoediaffi
1012 2152 1052 2216 de
1068 2152 1186 2238 quibus
1197 2151 1268 2244 qui-

194 2261 272 2326 dem
304 2261 492 2349 Lessiugius
524 2266 717 2350 “hybridas,
741 2265 866 2352 iuquit,
892 2265 921 2331 si
943 2265 1035 2331 lubet
1049 2253 1114 2330 cas
1138 2268 1266 2330 vocate:

195 2396 306 2439 nonne
338 2376 446 2442 mulus
480 2377 666 2442 utilissimis
696 2378 856 2463 jumentis
896 2377 1114 2444 accensendus
1151 2377 1268 2443 est?''⁵

210 2523 212 2527 Α
232 2550 240 2582 ¹
274 2550 391 2612 Quinctil.
409 2550 435 2601 X
453 2569 459 2599 ε
479 2554 504 2600 1;
538 2552 617 2600 Hunc
636 2551 803 2615 [Euripidem]
822 2557 847 2601 et
863 2551 1010 2600 aderiscius
1025 2566 1099 2615 saepe
1116 2556 1154 2600 est
1170 2550 1272 2615 (utura

190 2643 315 2704 testatur)
332 2646 357 2690 et
373 2647 481 2700 secutus,
497 2655 651 2705 quostquam
667 2643 698 2689 t‘u
713 2656 787 2704 opera
803 2642 911 2698 diuerso,
928 2641 1080 2690 Menander.

231 2731 358 2781 Philemon
375 2739 457 2782 autam
474 2733 606 2795 aliquando
623 2732 731 2794 scripsit,
747 2732 768 2780 si
785 2732 831 2780 sihi
839 2738 964 2780 constaret
972 2731 1075 2780 mortuis
1084 2745 1137 2781 esse
1146 2731 1271 2794 αἴσθησιν,

198 2824 286 2874 statim
303 2839 329 2873 se
346 2824 436 2873 collum
453 2824 541 2888 laqueo
556 2823 721 2879 inserturum,
737 2829 764 2870 ut
781 2821 930 2885 Euripidem
947 2822 1053 2871 videret:

324 2913 480 2979 ἀπηγξάμην
497 2914 539 2975 ἄν,
557 2903 614 2962 ὥστ’
631 2913 693 2963 ἰδεῖν
710 2911 853 2977 Εὐριπίδην.
887 2898 1024 2972 (Videatur
1040 2911 1136 2975 primus
1154 2920 1271 2961 etsecun-

195 3007 244 3054 dus
260 3003 388 3067 Euripidis
404 3003 555 3066 biographus
572 3003 598 3050 in
614 3002 685 3065 line.)

172 3141 173 3146 ,
231 3092 348 3155 Diphilus
365 3092 527 3155 κατάχρυσον
543 3092 646 3140 vocabat
662 3091 814 3154 Euripidem.
849 3089 951 3148 (Athen.
969 3089 996 3140 X
1013 3103 1068 3153 pag.
1086 3089 1174 3151 lusu.)
1268 3093 1270 3096 '

232 3183 317 3232 Minus
342 3171 409 3230 recte
433 3195 473 3230 me
494 3181 577 3244 judice
603 3183 744 3231 Mommsen
764 3181 847 3242 (Rom.
866 3177 977 3229 (issent
994 3179 1016 3236 1,
1032 3193 1090 3241 pag.
1107 3178 1179 3240 909):
1214 3178 1272 3225 “das

194 3271 367 3321 “nenattische
393 3271 519 3334 Lustspiel
546 3271 599 3320 that
615 3272 695 3320 nichts
718 3271 755 3318 als
776 3271 823 3318 den
840 3268 970 3331 Euripides
988 3269 1026 3316 ins
1043 3267 1178 3316 Komische
1195 3267 1272 3316 iiber-

194 3362 328 3427 “tragen.''
363 3361 456 3411 Verius
482 3362 576 3410 dixeris
601 3362 747 3425 Euripidem
772 3375 802 3410 ea
825 3374 888 3424 quae
909 3373 988 3408 novae
1014 3358 1156 3407 comoediae
1172 3358 1272 3422 propria

197 3459 259 3502 sunt
274 3466 360 3515 parum
377 3459 434 3514 apte
452 3450 477 3498 in
494 3450 614 3514 tragicam
631 3465 729 3500 scenam
746 3449 913 3505 transtulisse;
929 3448 983 3504 vel,
1000 3448 1020 3496 si
1032 3447 1272 3512 oxymorolihetuti,

195 3557 249 3592 non
270 3542 434 3591 Menandrum
453 3555 516 3603 quae
534 3541 667 3602 scripserat
683 3525 827 3601 Euripides,
844 3538 888 3586 sed
904 3551 965 3601 quae
982 3538 1119 3586 Menander
1136 3537 1272 3600 scripturus

196 3641 253 3683 erat
269 3631 415 3694 Euripidem
433 3644 486 3678 esse
504 3630 635 3678 imitatum.

231 3720 242 3752 ⁹
274 3721 374 3782 Quinct.
390 3718 461 3768 ibid:
478 3721 508 3768 iu
524 3717 660 3781 affectibus
675 3731 733 3766 uero
751 3731 808 3765 cum
824 3716 938 3765 omuibus
956 3718 1044 3776 mirus,
1062 3721 1117 3765 tutu
1134 3719 1164 3765 t'u
1180 3717 1214 3764 iis
1227 3719 1273 3778 qui

195 3812 362 3859 saturatione
378 3813 496 3858 conuerti
505 3808 591 3869 facilc
603 3808 768 3871 praecipuus.

231 3899 242 3930 ³
275 3900 382 3949 Aristot.
399 3879 467 3961 poet,
493 3898 522 3945 6:
540 3898 572 3947 τὰ
591 3897 726 3961 πράγματα
744 3897 784 3943 καὶ
802 3894 815 3942 ὁ
831 3894 911 3958 μῦθος
928 3893 1001 3950 τέλος
1014 3897 1059 3952 τῆς
1068 3892 1270 3958 τραγῳδίας...

196 3993 259 4039 ἄνευ
275 3991 322 4054 μὲν
339 3988 451 4054 πράξεως
468 3988 513 4036 οὐκ
530 3988 563 4035 ἂν
580 3986 679 4052 γένοιτο
697 3983 836 4048 τραγῳδία,
856 3984 916 4032 ἄνευ
933 3983 957 4031 δὲ
975 3981 1046 4042 ἠθῶν
1062 3981 1151 4047 γένοιτ’
1168 3982 1209 4031 ἅν.
1253 4037 1254 4042 ¹

232 4082 241 4110 ⁴
275 4081 304 4129 Id
330 4079 458 4142 eleganter
474 4077 645 4127 Bernhardius
662 4057 728 4138 pag.¹
738 4075 800 4132 469,
817 4075 848 4122 de
864 4073 997 4122 Aulidensi
1014 4071 1147 4134 Iphigenia
1162 4071 1272 4135 loquens,

199 4179 274 4220 vocat
298 4169 354 4218 “ein
387 4168 556 4232 hiirgerliehes
582 4165 782 4230 Intriguenstiick
810 4163 855 4212 mit
881 4162 1114 4225 Empfindsamlrcit,
1146 4162 1206 4210 aber
1232 4162 1276 4210 uus

198 4261 318 4310 “Kosten
335 4259 404 4308 eines
420 4259 574 4322 gltnzenden
592 4257 694 4320 Mythos
710 4256 760 4303 und
776 4255 819 4302 der
835 4252 980 4302 surstlicheu
997 4253 1073 4311 Ehre,
1087 4252 1238 4310 romantisch
1249 4253 1274 4300 in

198 4351 299 4401 “Scene
315 4349 420 4400 setzen.''

237 4440 247 4471 ⁵
286 4440 376 4489 Hamb.
403 4440 515 4489 Dramut.
541 4437 577 4485 n⁰.
602 4437 635 4486 48
659 4435 763 4485 inline:
796 4411 874 4485 “Was
890 4431 948 4496 geht
967 4429 1033 4480 mich
1051 4445 1076 4480 es
1093 4446 1125 4479 an
1141 4417 1172 4480 oh
1188 4445 1216 4479 so
1233 4432 1273 4479 ein

1095 4522 1137 4584 3*
