3150 5194
806 379 866 442 104

299 566 333 630 in
357 563 470 630 Attico
500 562 628 627 theatro
650 581 769 626 munus
793 561 978 626 labentibus
1002 563 1096 626 anuis
1120 564 1241 629 sensim
1265 565 1379 632 decre-

297 679 399 756 visse3
424 697 525 763 quum
549 675 638 741 enim
662 675 844 760 antiquitus
868 674 1025 740 minorem
1050 677 1234 762 tragoediae
1249 685 1380 765 partem

298 791 458 874 diverbia,
473 790 628 876 majorem
640 789 767 880 chorios
778 789 971 876 implerent,
985 797 1018 856 et
1029 791 1129 856 etiam
1139 792 1174 855 in
1185 792 1381 876 Aeschyleis

298 905 455 971 dramatis
490 927 510 969 a
543 903 669 970 cunctis
692 903 906 970 histrionibus
929 904 986 968 vix
1008 904 1118 990 plures
1141 927 1255 971 versus
1277 928 1380 993 quam

297 1043 317 1086 a
351 1020 447 1086 choro
480 1018 702 1104 proferantur,
739 1017 913 1104 Sophocles
950 1017 1019 1103 ejus
1050 1018 1178 1084 cantica
1210 1019 1245 1083 in
1280 1019 1380 1105 longe

297 1131 501 1218 angustiores
536 1131 618 1196 fines
652 1131 768 1216 coegit
817 1130 909 1196 Idem
945 1151 1020 1195 vero
1058 1131 1115 1196 isti
1137 1131 1380 1217 dramaturgiae

297 1249 384 1332 parti
419 1249 585 1335 insignem
607 1245 771 1332 quandam
795 1265 906 1310 eurum
929 1250 1096 1330 artemque
1119 1243 1289 1328 adhibuit,
1314 1265 1381 1329 quo

297 1360 420 1427 fectum
445 1369 497 1428 est
519 1368 557 1427 ut
579 1361 614 1426 in
637 1360 707 1446 ejus
730 1358 906 1444 tragoediis
929 1357 1048 1425 ohoriei
1070 1365 1186 1423 cantus
1200 1379 1265 1422 non
1282 1357 1383 1421 modo

298 1475 419 1540 eximia
442 1496 542 1560 quum
566 1473 738 1542 dulcedine
761 1478 833 1537 tum
855 1473 1017 1557 gravitate
1040 1478 1173 1556 captent
1188 1471 1379 1536 auditorum

299 1587 443 1670 animos,
469 1588 525 1654 sed
549 1587 648 1652 etiam
672 1606 746 1651 cum
769 1585 841 1670 ipso
862 1593 1055 1671 argumento
1069 1593 1200 1670 totaque
1215 1590 1382 1650 structura

301 1700 484 1767 arctissime
520 1699 588 1765 sint
622 1696 760 1763 connexi
796 1704 829 1763 et
861 1696 1000 1763 feliciter
1032 1697 1218 1783 conspirent
1257 1698 1378 1762 omnia

303 1811 477 1898 Euripides
512 1832 604 1894 vero,
640 1810 696 1896 qui
726 1811 802 1875 deos
827 1831 890 1874 non
915 1810 980 1875 nisi
1003 1809 1110 1896 poesis
1134 1831 1210 1896 ergo
1232 1810 1381 1892 colebat,

299 1925 351 1989 eui
384 1924 495 1989 heroes
532 1923 587 1988 vix
622 1923 710 1988 aliud
744 1929 836 1988 erent
870 1943 966 2008 quam
1003 1923 1150 2008 supellex
1177 1924 1320 2008 tragica,
1347 1933 1383 1989 et

300 2059 394 2122 quem
432 2034 541 2101 omnia
565 2040 728 2100 testantur
753 2034 859 2119 magis
883 2035 1131 2120 cosmopolitam
1154 2056 1251 2121 quam
1274 2036 1382 2102 civem

299 2151 401 2216 fuisse
423 2149 591 2231 Atticum,
617 2147 695 2233 quid
718 2147 838 2212 faceret
860 2148 985 2212 choro?¹
1003 2147 1167 2214 hubenter
1188 2150 1258 2215 sine
1279 2151 1383 2216 dubio

300 2261 505 2338 sustulisset3
541 2259 598 2325 ssd
632 2259 761 2324 obstitit
794 2258 951 2344 quaedam
985 2260 1053 2345 ejus
1077 2261 1191 2347 religio
1214 2263 1266 2327 vel
1288 2263 1381 2328 timi·

300 2375 395 2439 ditas.
424 2371 531 2438 Semel
555 2377 665 2437 eutem
687 2372 723 2435 in
747 2392 877 2436 scenam
901 2372 1083 2456 admissus,
1110 2374 1286 2440 videndum
1310 2385 1382 2442 erat

300 2495 338 2552 ut
372 2508 413 2551 ne
445 2486 561 2551 chorus
599 2484 675 2569 ille,
707 2484 762 2569 qui
785 2485 871 2569 quod
894 2495 1005 2570 ageret
1028 2485 1084 2551 vix
1107 2486 1257 2572 haberet,
1281 2488 1383 2574 plane

301 2601 407 2684 κωφὸν
449 2599 626 2664 sustineret
663 2600 846 2683 πρόςωπον.
896 2598 959 2664 Sed
992 2621 1058 2664 non
1094 2601 1174 2666 satis
1208 2603 1382 2687 perpendit

305 2709 474 2794 Euripides
517 2712 715 2796 orchestram
752 2711 824 2776 ideo
859 2711 1000 2776 vicinam
1037 2735 1108 2778 esse
1141 2715 1309 2798 proscenio
1341 2725 1382 2780 ut

302 2843 383 2908 quae
417 2823 451 2886 in
488 2844 526 2887 ea
560 2831 718 2889 canantur
752 2831 839 2889 arcte
871 2845 945 2889 cum
982 2825 1178 2890 histrionum
1213 2827 1310 2892 dictis
1345 2836 1382 2896 et

304 2935 430 3001 actione
454 2935 658 3019 cohaereant,
682 2957 787 3021 neque
811 2921 912 3021 igitur
935 2937 1021 3002 hunc
1048 2959 1144 3002 usum
1166 2961 1263 3023 posse
1283 2963 1381 3026 pree-

302 3050 395 3132 bere,
429 3055 467 3113 ut
498 3053 595 3134 poeta
620 3048 689 3132 ejus
714 3049 897 3114 ministerio
924 3063 1016 3115 suam
1043 3052 1078 3116 in
1105 3052 1210 3117 verbis
1236 3054 1383 3139 ligandis

302 3161 471 3248 modisque
494 3161 659 3248 fingendis
682 3167 826 3227 ostentet
848 3166 963 3240 artem,
988 3185 1070 3248 quae
1093 3166 1242 3250 quamvis
1262 3167 1379 3253 singu-

301 3273 379 3338 laris
403 3279 437 3338 et
458 3273 636 3358 praeclara,
662 3273 688 3339 si
713 3279 805 3338 extra
827 3274 957 3340 fabulae
979 3275 1104 3342 limites
1126 3283 1274 3364 vagetur,
1293 3281 1381 3347 nihil

302 3386 454 3452 conducit
476 3408 655 3472 parumque
677 3385 786 3452 laudis
810 3394 959 3453 meretur.
1178 3469 1183 3480 υ

348 3500 414 3565 Diu
446 3499 582 3566 miratus
607 3521 680 3564 sum
704 3499 790 3586 quod
813 3499 874 3565 hec
898 3500 938 3565 de
961 3523 995 3567 re
1017 3502 1147 3569 nullum
1170 3505 1277 3571 locum
1301 3507 1381 3572 Ari-

303 3615 519 3698 stophaneum
542 3613 742 3695 invenirem,
768 3635 869 3698 quum
884 3635 949 3679 non
963 3615 1100 3681 dubium
1119 3617 1202 3682 mihi
1217 3619 1383 3688 videretur

303 3727 381 3812 quin
406 3726 539 3810 lynceiis
562 3726 619 3790 ille
642 3725 771 3791 criticus
794 3727 854 3791 hoc
877 3749 1004 3812 quoque
1021 3728 1141 3795 vitium
1156 3732 1191 3795 in
1211 3732 1381 3819 Euripidis

263 3819 264 3824 ἵ
303 3839 478 3925 tragoediis
503 3839 757 3924 deprehenderit.
783 3839 926 3905 Tandem
949 3841 1049 3906 incidi
1070 3843 1104 3906 in
1120 3846 1381 3913 Acharnensium

303 3969 432 4018 versum
455 3954 539 4036 443,
562 3953 635 4036 ubi,
661 3952 696 4018 in
724 3953 863 4017 transitu
884 3961 993 4018 tamen
1018 3961 1051 4020 et
1075 3957 1242 4042 aliquanto
1263 3961 1381 4027 obscu-

303 4067 381 4148 rius,
405 4065 490 4131 ridet
513 4065 727 4151 Euripideum
751 4067 895 4147 chorum,
920 4090 1020 4152 quum
1038 4069 1117 4135 dicit
1131 4075 1207 4150 robe
1225 4078 1383 4160 χορευτὰς

302 4175 445 4254 ἠλιθίους
465 4180 666 4264 παρεστάναι·

348 4288 472 4352 lterum
506 4287 558 4354 hic
591 4294 725 4372 apparet
762 4288 931 4374 Euripidis
968 4291 1004 4356 in
1038 4295 1153 4359 veteris
1193 4300 1382 4382 tragoediae

300 4401 429 4488 legibus
452 4399 619 4466 mutandis
644 4401 875 4485 infortunium,
893 4404 967 4488 qui,
991 4392 1182 4493 quacunque
1196 4432 1216 4474 u
1231 4432 1386 4495 praeces*
