3150 5194
623 913 797 991 CAPUT
819 915 915 990 Vll.

388 1134 564 1182 EURIPIDES
586 1134 747 1182 'I'BAGIGAE
770 1135 958 1182 DIGNITATIS
981 1137 1152 1184 PERDll'OR.

676 1309 842 1322 &Nm

277 1451 470 1517 Accedimus
510 1450 552 1518 ad
576 1473 693 1518 novam
717 1453 972 1534 accusationem,
996 1455 1143 1539 quamvis
1169 1468 1242 1521 cum
1267 1480 1304 1522 ea

234 1587 330 1652 quam
354 1570 518 1649 postremo
540 1565 610 1630 loeo
633 1565 843 1631 tractavimus
866 1570 953 1632 arcte
962 1566 1186 1652 conjunctam:
1208 1567 1304 1634 Euri-

233 1679 342 1764 pidem
384 1677 553 1764 infregisse
593 1677 788 1763 dignitatem
826 1701 939 1745 scenae
980 1680 1130 1766 tragicae.
1194 1681 1304 1746 Primo
1368 1665 1371 1670 Δ

234 1793 351 1858 obtutu
372 1791 492 1858 mirum
515 1790 618 1856 videri
642 1790 748 1875 possit
771 1793 831 1860 hoc
853 1793 988 1858 crimine
1010 1793 1131 1860 accersi
1165 1795 1303 1860 eundem

234 1911 363 1991 poetam
386 1904 438 1970 cui
450 1903 600 1988 objicitur
622 1904 725 1969 nimia
736 1904 794 1968 illa
812 1926 888 1970 cura
899 1905 1124 1991 philosophiae
1142 1913 1176 1972 et
1198 1929 1304 1972 rerum

235 2017 444 2100 sublimium5
478 2016 518 2082 de
552 2039 615 2101 qua
637 2017 763 2102 egimus
787 2022 871 2083 ante.
907 2017 971 2084 Sed
999 2025 1146 2084 accurate
1169 2020 1305 2086 investi-

234 2131 387 2216 gantibus
410 2128 595 2214 apparebit,
619 2134 788 2215 utramque
803 2128 933 2215 culpam
955 2151 996 2194 ex
1010 2123 1174 2198 communi
1190 2118 1303 2217 eausa,

234 2243 388 2307 nimirum
422 2262 440 2307 e
474 2240 581 2306 studio
616 2239 789 2324 novitatis,
823 2242 1177 2327 commode,explicari
1199 2266 1304 2329 posse.

234 2355 409 2421 Videamus
426 2328 511 2441 ⁵quid
533 2355 594 2420 hae
617 2354 656 2419 de
680 2375 712 2418 re
736 2353 971 2440 Aristophanes
995 2354 1123 2422 dixerit.

277 2468 495 2534 Acerbissime
527 2467 562 2532 in
587 2467 655 2552 ejus
678 2467 799 2533 fabulis
823 2489 917 2554 saepe
940 2469 1092 2554 Euripidi
1114 2471 1306 2555 exprobrata

234 2582 418 2648 invenimus
442 2605 479 2648 ea
502 2603 584 2668 quae
607 2581 730 2648 com-ico
748 2581 943 2647 videbantur
955 2565 1029 2648 oum
1041 2584 1183 2670 tragicae
1194 2606 1306 2651 musae

233 2697 394 2783 dignitate
416 2717 568 2782 pugnare.
595 2695 635 2760 In
659 2695 760 2766 Ranis
783 2695 885 2761 iratus
908 2696 1089 2780 Aeschylus
1114 2697 1304 2783 Euripidem

234 2809 284 2876 his
307 2809 461 2875 conviciis
484 2808 662 2874 insectatur
685 2807 748 2892 (vs.
776 2811 837 2874 841
864 2809 947 2895 sq.):
1027 2819 1028 2822 ’

395 2925 433 2988 σὺ
455 2920 492 2998 δὴ
513 2923 556 3006 ’μὲ
576 2920 674 2995 ταῦτ’,
697 2922 722 2986 ὦ
745 2918 1101 3005 στωμυλιοσυλλεκτάδη
1206 3001 1210 3008 ¹

394 3033 441 3092 καὶ
461 3031 641 3112 πτωχοποιὲ
662 3031 711 3092 καὶ
732 3021 1041 3113 ῥακιοσυρραπτάδηὶ

203 3211 204 3216 ,
234 3172 309 3214 mox
344 3147 406 3232 (vs.
444 3148 525 3236 846)
560 3146 659 3224 etiam
682 3147 868 3235 χωλοποιὸν
891 3166 965 3211 eum
989 3151 1090 3211 vocat.
1118 3146 1204 3226 Quid
1226 3149 1305 3215 haec

234 3263 296 3328 sibi
328 3261 432 3327 velint
454 3260 599 3346 epitheta
621 3281 736 3344 parum
759 3257 952 3342 honorifica,
978 3258 1220 3344 explanandum
1243 3269 1302 3328 est.

279 3375 409 3442 Scilicet
432 3372 623 3458 Euripides,
648 3371 744 3438 modo
766 3376 984 3458 spectatorum
1007 3371 1132 3438 animos
1161 3381 1305 3440 moveret
1359 3442 1362 3449 ,

234 3489 273 3554 de
307 3489 420 3554 decoro
458 3509 524 3551 non
560 3485 640 3550 satis
674 3483 852 3566 sollicitus,
888 3505 983 3569 saepe
1020 3507 1078 3572 per
1107 3487 1305 3553 adminicula

234 3601 354 3687 pusilla
389 3607 422 3666 et
444 3600 534 3666 omni
559 3599 721 3684 gravitate
739 3579 899 3663 ¹carentia¹
912 3598 1150 3665 misericordiae
1173 3623 1304 3666 sensum

234 3734 364 3779 evocare
396 3711 555 3778 studebat.
604 3711 795 3796 Complures
827 3710 940 3776 heroas
978 3712 1013 3777 in
1047 3734 1177 3778 scenam
1210 3714 1305 3779 duxit

190 3844 193 3850 ’
234 3826 469 3892 claudicantes:
495 3826 688 3911 Telephum,
716 3824 951 3908 Philoctetem,
977 3813 1260 3911 Bellerophontem
1275 3831 1302 3904 ¹3

270 4142 276 4172 ¹
293 4142 418 4205 Euripidei
443 4142 642 4205 Bellerophontis
664 4139 791 4192 deridendi
813 4154 886 4188 eausa
902 4139 1085 4204 Aristophanes
1102 4143 1239 4205 composuit
1256 4145 1303 4194 ini-

234 4231 296 4279 tium
313 4231 398 4290 Pacis,
415 4247 533 4299 perquam
550 4231 685 4290 ludicrum,
703 4231 744 4280 ubi
762 4228 892 4294 Trygaeus
909 4229 1007 4292 quidam
1028 4230 1190 4280 Atheniensis
1200 4245 1303 4295 apparet

234 4321 362 4370 scarabaeo
377 4321 484 4370 insidens
500 4334 549 4384 quo
565 4321 637 4370 adesa
654 4319 797 4382 Olympum.
830 4317 886 4367 Vix
903 4317 1042 4367 mordacius
1059 4319 1188 4382 quicquum
1208 4327 1304 4384 poterat

235 4411 372 4474 excogitari
389 4425 461 4474 quam
480 4416 507 4457 ut
524 4409 635 4474 praepeti
652 4410 761 4472 Pegaso,
778 4409 818 4472 qui
837 4408 976 4458 chimaerae
993 4409 1114 4459 victorem
1131 4411 1200 4460 vexit
1216 4426 1303 4460 versus
