3150 5194
845 403 906 465 100

335 589 445 654 omniu
472 611 524 655 me
554 587 686 671 fallunt,
710 609 806 654 causa
828 587 893 652 fuit
918 608 974 652 our
996 585 1139 671 prologis
1163 586 1325 652 utendum
1350 586 1412 651 sibi

333 723 404 768 esse
426 707 563 787 putaret.
1160 748 1162 752 .
1324 767 1328 772 .

380 814 444 880 Sed
476 815 602 901 prologi
637 813 805 900 Euripidei
839 814 873 878 id
902 812 1063 898 peculiare
1085 812 1208 878 habent
1230 815 1318 899 quod
1347 837 1412 879 non

335 929 432 994 modo
462 929 608 994 indicant
638 950 721 1015 quae
749 927 855 1011 facta,
890 927 946 992 sed
969 925 1069 992 etiam
1091 948 1173 1012 quae
1195 926 1309 992 futuru
1333 927 1410 992 sint.

336 1040 407 1106 Hac
430 1042 560 1127 quidem
583 1042 617 1106 in
640 1063 675 1107 rc
697 1062 801 1126 neque
824 1060 920 1126 quom
944 1039 1125 1105 imitaretur
1149 1039 1286 1124 invenit,
1307 1061 1413 1125 neque

335 1162 494 1241 quantum
507 1155 573 1221 seio
585 1160 714 1221 secutus
731 1175 806 1220 eum
821 1158 871 1218 est
882 1152 1063 1239 quisquam.
1091 1152 1194 1238 Saepe
1206 1154 1266 1218 hoc
1279 1153 1413 1218 nomine

335 1269 547 1354 reprehensus
571 1274 631 1350 ast,
655 1288 755 1354 quum
779 1264 888 1332 minus
905 1266 1012 1331 valere
1031 1266 1073 1330 ad
1091 1266 1217 1332 animos
1233 1265 1412 1332 movendos

335 1387 518 1458 censeretur
540 1380 652 1446 fabula
673 1377 766 1464 cujus
789 1379 896 1444 exitus
915 1377 985 1462 jam
1011 1401 1028 1444 e
1047 1378 1182 1464 prologo
1202 1384 1301 1444 notus
1315 1383 1410 1445 esset

338 1492 517 1559 Defendere
551 1492 678 1558 studuit
702 1491 892 1576 Lessingius
911 1492 941 1573 ¹,
964 1490 1021 1576 qui
1044 1497 1139 1575 putat
1162 1491 1357 1577 Euripidem
1380 1491 1413 1555 id

335 1607 421 1672 bona
452 1606 493 1671 de
526 1627 623 1671 causa
656 1605 865 1690 consulteque
888 1602 1021 1687 fecisse,
1045 1603 1200 1669 nimirum
1224 1610 1261 1669 ut
1284 1609 1412 1690 specta-

337 1725 439 1801 tores,
459 1718 529 1804 jam
552 1716 628 1784 inde
651 1718 691 1783 ab
714 1717 810 1782 initio
833 1728 1001 1803 perspecta
1014 1722 1227 1805 καταστροφῇ,
1244 1718 1412 1802 potentius

336 1829 538 1896 afficerentur
559 1830 664 1916 priore
687 1830 843 1896 dramatis
857 1838 947 1915 parte
959 1852 1023 1916 qua
1038 1831 1222 1896 continetur
1232 1830 1396 1915 expositio
1402 1857 1410 1908 ;

336 1964 409 2008 vere
445 1964 539 2028 porro
571 1942 739 2024 observat,
777 1942 806 2008 si
841 1949 937 2008 notus
972 1941 1079 2008 exitus
1114 1949 1262 2026 noceret,
1292 1943 1412 2010 iterum

337 2076 450 2121 scenae
478 2054 686 2122 commissam
719 2055 864 2121 fabulam
894 2076 1062 2141 nunquam
1084 2054 1287 2141 placituram.
1337 2054 1411 2120 Non

336 2167 459 2235 invitus
492 2169 641 2255 equidem
669 2169 706 2232 in
732 2168 857 2253 judicio
892 2168 1055 2254 Lessingii
1088 2167 1273 2253 acquiesco,
1310 2189 1412 2254 quum

335 2281 524 2369 praesertim
548 2281 784 2366 Aristophanes
814 2280 897 2346 hanc
923 2280 1050 2366 prologi
1073 2279 1242 2364 Euripidei
1266 2280 1411 2366 proprie·

335 2402 437 2462 tatem
471 2415 538 2460 non
571 2393 780 2479 vituperarit;
812 2392 908 2458 liceat
931 2413 1007 2479 ergo
1029 2408 1143 2478 poetae
1160 2392 1231 2477 jam
1254 2413 1274 2457 a
1296 2390 1412 2457 limine

335 2508 519 2593 significare
542 2506 778 2592 spectatoribus
801 2526 882 2591 quae
905 2505 1055 2591 deinceps
1079 2513 1234 2571 eventura
1250 2505 1336 2584 sint;
1355 2505 1412 2571 sed

335 2640 502 2705 uunquam
536 2618 689 2684 adducar
709 2622 754 2682 ut
778 2618 981 2702 comprobem
1005 2617 1093 2703 ipsos
1117 2618 1267 2704 prologos
1292 2619 1410 2706 quibus

335 2731 507 2817 Euripides
546 2731 579 2795 id
613 2729 784 2796 consilinm
822 2735 1008 2814 persecutus
1047 2736 1104 2796 est.
1154 2732 1260 2797 Immo
1297 2733 1409 2818 potius

335 2844 516 2929 adstipulor
537 2842 768 2928 Aristophani,
793 2863 893 2928 quum
916 2841 1066 2918 ληκύθιον
1090 2865 1185 2908 suum
1208 2845 1315 2931 affigit
1332 2868 1408 2931 pro-

257 2937 259 2940 ·
336 2958 448 3024 oemiis
472 2956 538 3020 illis
561 2955 690 3041 pumice
713 2954 917 3036 siccioribus,
935 2977 1006 3020 vere
1025 2956 1207 3021 somniferis
1228 2957 1406 3042 interdum,

368 3192 377 3223 ¹
394 3190 485 3241 Hamb.
501 3191 614 3241 Dramat.
630 3187 666 3236 n⁰.
683 3190 716 3238 ts
730 3203 777 3253 sq:

367 3281 434 3332 “Die
455 3279 577 3342 Riihrung
597 3277 636 3326 die
658 3292 686 3326 er
703 3277 900 3340 hervorbringen
916 3277 998 3328 wollta
1015 3280 1147 3344 verspreeh
1163 3295 1191 3330 er
1207 3281 1260 3331 sich
1276 3283 1348 3333 nicht
1365 3298 1408 3332 so-

338 3369 417 3420 “wohl
436 3383 486 3420 von
510 3370 567 3417 dem
591 3382 643 3416 roos
663 3367 804 3432 geschehen
827 3366 895 3416 sollte
914 3367 950 3416 als
966 3382 1014 3417 von
1030 3368 1075 3418 der
1091 3369 1143 3419 Art
1159 3371 1206 3418 mie
1223 3383 1248 3418 es
1263 3371 1407 3436 geschehan

335 3459 446 3509 “sollte''

366 3550 419 3600 “Ist
435 3563 461 3598 es
477 3547 546 3598 nicht
561 3549 643 3598 besser
658 3549 715 3598 dass
731 3548 776 3596 wir
791 3547 828 3598 sie
845 3548 895 3610 (res
910 3547 1005 3598 futurae
1021 3547 1147 3610 nimirum,
1163 3549 1209 3598 soli
1220 3550 1406 3614 numiniuotas)

333 3638 426 3688 “durch
442 3638 483 3688 dio
499 3637 735 3688 Dazwischenkunlt
750 3637 818 3686 eines
835 3636 921 3688 Gottes
938 3638 1028 3687 vorhcr
1045 3638 1173 3698 erfahren,
1193 3639 1230 3688 als
1244 3653 1291 3704 gar
1307 3641 1407 3690 nieht?''

364 3729 440 3800 Ridet
456 3741 532 3790 porro
548 3727 629 3791 Angli
648 3726 796 3777 Whitehead
811 3728 897 3776 drama
912 3726 1032 3778 Oroiisem
1048 3731 1103 3777 “wo
1119 3727 1160 3777 ihr
1178 3728 1239 3778 alles
1259 3744 1309 3779 von
1323 3730 1406 3780 einem

332 3819 416 3868 “alten
436 3817 623 3882 plauderhaiten
638 3817 793 3867 Vertrauten
808 3816 903 3866 erfahrt
927 3818 975 3866 den
991 3817 1045 3868 eine
1062 3819 1240 3883 verschlagene
1256 3819 1407 3883 Zigeunarin

332 3906 485 3971 “austragt.''
504 3907 624 3969 (Quaeras
640 3915 735 3964 umen,
752 3905 773 3954 si
788 3905 870 3970 Angli
889 3905 976 3955 mama
991 3905 1127 3974 Euripides
1141 3907 1216 3972 longe
1232 3907 1337 3958 iuferius
1355 3919 1406 3969 ost,

333 4011 414 4048 aunon
430 3989 476 4046 ha'c
492 4011 541 4046 une
557 4006 624 4046 certe
639 3997 666 4045 in
681 3995 751 4059 perte
767 3995 869 4060 Anglus
885 3994 1008 4046 Graecum
1024 3995 1132 4060 vicerit).

363 4086 478 4151 Denique
502 4086 549 4134 hoc
572 4085 668 4135 scribit:
694 4086 747 4134 “Es
767 4086 800 4134 ist
819 4085 874 4134 lrlar
890 4086 945 4134 dass
960 4085 1008 4134 alle
1026 4084 1066 4135 die
1083 4085 1186 4145 Stiicke,
1202 4086 1280 4136 deren
1296 4086 1406 4152 Prologe

333 4175 425 4226 “ihnen
441 4173 542 4238 (eritius
558 4173 657 4238 nempe)
674 4188 701 4223 so
718 4172 770 4222 viel
785 4173 937 4237 Aergerniss
953 4173 1071 4234 macheu,
1086 4174 1150 4224 auch
1170 4176 1235 4224 ohne
1257 4176 1325 4226 dicae
1342 4179 1405 4228 Pro·

230 4254 234 4264 '
332 4265 405 4329 “loge
421 4265 591 4316 rollkommen
606 4280 670 4329 gana
686 4265 737 4314 und
755 4264 924 4315 volllrommen
944 4265 1110 4316 versundlich
1126 4265 1182 4315 sind
1187 4299 1258 4316 .....
1282 4267 1405 4334 ¹Vergebt

331 4357 404 4404 “dem
428 4355 533 4406 Dichter
556 4356 618 4405 doch
642 4355 731 4422 immor
753 4355 826 4404 einen
845 4354 937 4406 Fehler
954 4357 999 4404 der
1015 4355 1061 4405 mit
1077 4356 1157 4414 einum
1173 4356 1289 4421 einzigen
1305 4358 1404 4410 striche

332 4445 392 4492 “der
409 4443 489 4495 Foder
506 4455 552 4510 gut
568 4461 598 4495 zu
613 4446 718 4495 machon
733 4446 789 4494 ist'·
1076 4453 1080 4462 “
