3154 5198
805 415 849 474 40

294 593 480 680 inventum,
514 599 599 684 quod
629 598 777 663 Nubium
808 621 854 664 vs.
885 598 1058 661 175-179
1083 599 1375 672 commemoratur,

260 715 263 720 ’
295 712 534 797 quodammodo
557 712 620 777 huc
643 712 805 796 pertinere
829 712 977 792 videtur,
995 715 1029 774 et
1044 706 1197 774 similiter
1213 703 1376 794 Equitum

295 823 384 888 locus
414 825 471 889 ubi
503 824 669 890 Phaedrae
700 825 897 910 Euripidoae
930 823 1053 904 ridetur
1087 826 1255 887 versutum
1281 817 1376 902 inge-

295 936 387 1001 nium
403 938 423 1001 ¹.
472 938 875 1022 Thesmophoriazusarum
908 945 1020 1002 autem
1055 935 1157 1000 altera
1197 955 1270 1018 pars
1306 937 1379 995 tota

296 1054 344 1113 est
375 1051 557 1134 composita
586 1050 628 1114 ad
659 1030 860 1116 illudendam
889 1050 1099 1114 inventorum
1123 1044 1376 1129 Euripideorum

296 1163 469 1246 astutiam,
505 1185 605 1248 quum
638 1165 673 1227 in
699 1164 803 1250 priore
826 1170 978 1229 notatum
1004 1167 1090 1227 esset
1112 1160 1181 1245 ejus
1206 1157 1316 1223 odium
1339 1155 1376 1218 in

295 1275 447 1342 mulieres
470 1277 509 1342 de
536 1299 599 1362 quo
620 1279 792 1362 postmodo
816 1298 1025 1363 exponemus.

341 1390 450 1475 Hujus
476 1391 578 1477 igitur
601 1391 731 1457 fabulae
757 1398 987 1477 argumentum
1009 1390 1069 1455 hoc
1093 1393 1159 1453 est:
1186 1385 1373 1470 Euripides,

295 1511 460 1586 comperto
492 1503 662 1586 mulieres,
693 1527 772 1590 quas
802 1504 925 1569 acerbis
950 1502 1046 1568 dictis
1070 1501 1105 1565 iu
1128 1498 1302 1584 tragoediis
1325 1497 1375 1561 la-

296 1617 486 1700 cessiverat,
512 1617 552 1682 de
575 1639 613 1682 eo
636 1639 706 1682 esse
728 1624 856 1684 acturas
879 1617 913 1681 in
939 1613 1213 1699 Thesmophoridn
1227 1609 1374 1693 concilia,

297 1729 536 1795 Mnesilochum
568 1753 664 1796 suum
695 1728 874 1807 κηδεστὴνὨ
903 1729 1009 1795 mittit
1032 1728 1088 1813 qui
1110 1725 1262 1792 muliebri
1285 1733 1375 1789 veste

297 1844 431 1908 indutus
466 1843 506 1909 iis
541 1866 575 1909 se
605 1845 788 1909 immisceat
819 1851 852 1907 et
883 1865 941 1929 pro
964 1825 1122 1926 Euripide
1145 1840 1242 1904 verba
1264 1839 1372 1902 faciat.

298 1957 375 2021 Mox
411 1979 484 2022 vero
515 1957 678 2042 detegitur
709 1957 798 2022 fraus
833 1962 865 2022 et
897 1957 938 2021 ab
973 1955 1066 2020 iratis
1099 1943 1232 2019 feminis
1265 1951 1374 2035 oppri-

297 2072 406 2136 mitur.
454 2072 529 2136 Non
552 2072 726 2157 desperans
752 2079 862 2135 tamen
887 2069 1126 2151 Mnesilochus,
1157 2067 1252 2131 rebus
1281 2085 1374 2149 aspe-

296 2187 340 2251 ris
372 2187 532 2252 medelam
565 2187 700 2273 quaerit.
751 2185 813 2251 Sed
846 2185 953 2270 ipsum
986 2184 1157 2250 audiamus
1188 2182 1375 2268 loquentem

297 2301 359 2384 (vs.
387 2303 450 2366 768
473 2302 578 2388 sqq.):

809 2413 867 2479 τίν’
889 2413 947 2479 οὖν
970 2413 1008 2477 ἂν
1031 2411 1174 2498 ἄγγελον

417 2522 563 2603 πέμψαιμ’
587 2521 632 2584 ἐπ’
655 2521 764 2590 ebriis}
787 2516 847 2584 οἶδ’
870 2521 932 2605 ἐγὼ
955 2523 1002 2582 καὶ
1025 2514 1063 2591 δὴ
1084 2519 1189 2602 πόρον

418 2629 449 2688 ἐκ
469 2633 525 2689 τοῦ
549 2623 773 2707 Παλαμήδους·
796 2627 840 2700 ὡς
862 2628 977 2698 ἐκεῖνος
998 2622 1056 2696 τὰς
1077 2620 1203 2694 πλάτας

416 2729 500 2814 ῥίψω
522 2731 665 2815 γράφων·
690 2728 762 2793 ἄλλ’
786 2731 823 2793 οὐ
844 2731 987 2815 πάρεισιν
1009 2729 1038 2790 αἱ
1061 2725 1186 2790 πλάται·

418 2833 516 2899 πόθεν
538 2833 597 2899 οὗν
618 2835 752 2918 γένοιντ’
775 2833 813 2898 ἂν
836 2832 938 2917 ἀθλίῳ
959 2831 1090 2901 πλάται;
1114 2828 1228 2900 πάθω

417 2943 446 3003 τί
468 2935 494 3003 d'
516 2939 565 3012 dv,
587 2942 610 3002 ei
631 2935 700 3002 radi
722 2937 894 3022 τάγάλματ’
917 2937 985 3002 ἀντὶ
1007 2940 1070 3000 τῶν
1091 2932 1222 2998 πλατῶν

418 3045 550 3130 γράφων
573 3039 799 3130 διαρρίπτοιμι;
820 3039 953 3126 βέλτιον
974 3039 1069 3106 πολύ.

420 3146 519 3220 Ξάλον
541 3150 578 3233 γέ
597 3175 646 3212 τοι
667 3152 716 3211 καὶ
737 3152 832 3211 ταῦτα
853 3146 964 3212 κάκεῖν’
984 3150 1023 3221 ἦν
1046 3141 1156 3215 ξύλον·

537 3253 561 3315 ὦ
584 3259 687 3338 χεῖρες
710 3254 792 3335 ἐμαί,

538 3357 689 3441 ἐγχειρεῖν
712 3359 794 3440 χρὴν
817 3353 899 3439 ἔργῳ
921 3357 1056 3438 πορίμῳ.

538 3459 593 3543 άγε
617 3455 654 3533 δὴ
675 3459 815 3522 πινάκων
839 3455 957 3530 ξεστῶν
979 3454 1097 3528 δέλτοι,

327 3650 335 3680 ¹
370 3649 487 3711 Equitum
504 3661 541 3695 vs.
560 3648 590 3695 16
606 3662 658 3710 sqq.
677 3645 717 3707 (cf.
734 3649 794 3695 Eur.
813 3647 890 3709 Hipp.
907 3662 944 3696 vs.
961 3649 1033 3709 Mol:

489 3738 562 3785 Dem.
597 3742 651 3794 πῶς
668 3737 701 3784 ἂν
719 3737 749 3784 σύ
767 3756 809 3801 μοι
825 3735 922 3794 λέξειας
939 3735 985 3800 ἁμὲ
1003 3739 1052 3802 χρὴ
1069 3736 1171 3803 λέγεινς·

489 3826 547 3874 Nic.
598 3824 655 3873 ἀλλ’
672 3826 717 3874 οὐκ
733 3827 770 3874 ἔνι
786 3843 829 3888 μοι
845 3825 875 3874 τὸ
892 3823 983 3890 θρέττε.
1001 3830 1056 3884 πῶς
1074 3827 1107 3876 ἂν
1123 3827 1169 3875 οὖν
1186 3845 1248 3876 ποτε

600 3912 691 3978 εἴποιμ’
710 3913 744 3962 ἂν
761 3913 822 3962 αὐτὸ
840 3912 903 3972 δῆτα
921 3912 1136 3978 καμψινριπικῶςς

400 4035 414 4057 a
490 4006 563 4053 Dem.
597 4002 632 4068 μή
648 4004 691 4067 μοί
708 4021 748 4067 γε,
765 4002 799 4067 μή
816 4021 873 4066 μοι,
890 4003 925 4066 μὴ
942 4002 1154 4069 διασκανδικίσῃς.

328 4095 338 4126 ²
371 4095 399 4145 Si
424 4095 484 4144 fides
509 4095 621 4143 habenda
645 4093 716 4143 alteri
737 4093 875 4156 biographo
892 4093 918 4140 in
935 4092 1014 4142 Dind.
1031 4093 1139 4142 editione
1155 4103 1180 4143 et
1198 4095 1301 4154 Suidae,
1319 4108 1374 4146 erat

295 4195 364 4248 pater
390 4186 477 4248 prioris
502 4185 587 4235 uxoris
612 4184 754 4248 Euripidis,
771 4184 811 4232 cui
828 4183 960 4234 Choerilae
977 4198 1075 4233 nomen.
1108 4185 1208 4234 Primus
1225 4187 1373 4250 biographus

294 4274 426 4325 Choerileu
450 4275 612 4336 posteriorem
637 4273 764 4337 Euripidis
789 4287 893 4322 uxorem
910 4273 983 4322 fuisse
1000 4273 1073 4332 dicit3
1090 4275 1271 4324 Mnesilochum
1288 4285 1371 4326 autem

294 4365 505 4430 reprehensiva:
528 4365 563 4427 (in
584 4363 672 4412 fabulis
692 4363 877 4427 componendis)
895 4364 1021 4428 Euripidi,
1038 4364 1116 4414 citans
1134 4366 1267 4416 Teleclidis
1285 4381 1370 4416 versus

292 4457 344 4519 jam
363 4470 437 4518 supra
454 4456 539 4504 allatos
555 4469 612 4517 pag.
632 4456 661 4502 16
678 4457 734 4502 adn.
751 4455 774 4501 4.
