3154 5198
729 397 770 457 23

217 580 358 665 aliquam
385 578 576 642 affinitatem
602 577 687 642 inter
710 578 859 642 dramata
882 580 966 643 male
989 579 1168 664 composita
1192 585 1224 645 et
1239 579 1291 645 in-

216 695 380 760 credulam
427 699 569 758 mentem
615 700 744 777 poetae,
795 693 924 758 etiamsi
974 715 1140 778 uunquam
1187 694 1296 780 digito

217 808 418 874 indicaverit.

661 927 851 939 .x·vxx.x-⁴--.va-

219 1061 233 1140 t
262 1061 290 1124 3.
341 1061 497 1140 Quantam
516 1058 687 1144 Euripidis
707 1061 934 1144 impietasque
954 1059 1122 1144 tropoediis
1142 1063 1288 1125 nocuerit.

261 1262 436 1346 Tragoedia
466 1261 593 1342 Attica,
619 1261 748 1346 qualem
772 1261 954 1344 Aeschylus
978 1267 1011 1326 et
1037 1261 1211 1348 Sophocles
1236 1283 1288 1324 co-

216 1378 344 1442 luerant
372 1378 564 1462 qualemque
596 1399 636 1441 ex
669 1391 779 1441 eorum
807 1375 937 1458 scriptis
960 1374 1130 1457 novimus,
1158 1375 1289 1440 numine

215 1498 249 1554 et
283 1490 345 1555 diis
373 1513 479 1555 carere
503 1512 567 1554 non
590 1497 708 1575 potest.
757 1488 824 1554 Vix
846 1510 961 1572 operae
983 1488 1126 1579 pretium
1148 1493 1198 1552 est
1218 1510 1288 1552 mo-

217 1625 291 1668 nere
326 1604 398 1686 ipsa
431 1603 609 1667 certamina
641 1601 764 1686 tragica
795 1622 906 1666 revera
937 1599 978 1664 ad
999 1599 1140 1665 deorum
1164 1601 1289 1666 cultum

217 1713 429 1798 pertinuisse,
464 1734 529 1777 non
561 1713 647 1778 euim
683 1713 792 1779 nescio
827 1714 1045 1780 Athenienses
1081 1715 1168 1800 ipsos
1193 1714 1289 1799 hujus

216 1828 261 1891 rei
284 1826 475 1910 plerumque
497 1847 611 1910 parum
636 1825 738 1891 fuisse
762 1847 935 1903 memores3
959 1827 1037 1912 quin
1051 1826 1148 1891 etium
1162 1847 1288 1891 comoe-

215 1940 288 2004 diae
311 1938 345 2003 in
369 1939 501 2004 deorum
525 1940 679 2004 honorem
703 1939 874 2022 dabantur,
899 1940 933 2004 in
957 1939 1075 2024 quibus
1100 1943 1221 2024 quanto
1237 1939 1287 2004 lu-

215 2052 319 2117 dibrio
344 2060 453 2116 essent
477 2053 608 2118 coelites
628 2075 727 2137 supra
739 2075 811 2138 pag.
831 2055 870 2116 14
884 2075 930 2138 sq.
946 2052 1098 2117 vidimus.
1136 2050 1175 2115 Id
1187 2051 1290 2136 igitur

215 2167 327 2248 mitto,
364 2171 401 2230 ut
435 2157 494 2232 lioc
530 2167 635 2232 solum
672 2188 825 2252 urgeam,
858 2164 1043 2252 tragoediae
1076 2165 1148 2250 ipsa
1170 2162 1287 2229 funda-

215 2283 326 2343 menta
361 2279 423 2344 uiti
458 2278 623 2364 religione.
674 2280 710 2345 si
741 2279 929 2344 Aristotelis
961 2279 1089 2362 regulas
1114 2277 1288 2360 adhibeas,

202 2413 295 2477 ¹quas
332 2393 542 2478 Lessingius,
579 2389 643 2458 no‘n
675 2393 819 2478 vulgaris
856 2415 933 2458 sane
966 2394 1006 2457 de
1034 2390 1169 2457 scenicis
1192 2390 1289 2456 rebus

209 2504 331 2598 judex,
363 2505 560 2570 certissimos
585 2527 723 2570 canones
748 2505 876 2571 vocavit
893 2507 918 2588 ¹,
946 2504 1128 2589 tragoedia,
1154 2504 1287 2570 misera-

215 2618 338 2682 tionem
362 2625 395 2683 et
419 2619 567 2684 timorem
592 2619 778 2702 excitando,
803 2624 929 2702 spectat
952 2617 1210 2684 emendationem
1228 2619 1286 2683 ho-

214 2753 286 2794 rum
311 2739 344 2796 et
367 2731 526 2796 similium
552 2732 586 2796 in
606 2733 775 2796 hominum
789 2732 908 2797 animis
921 2731 1135 2814 affectuum²,
1154 2732 1289 2817 ideoque

246 3009 252 3040 ¹
290 3008 340 3058 Vd.
364 3009 456 3056 Hamb.
483 3008 663 3071 Dramaturgic
689 3009 735 3056 sub
758 3008 845 3057 linem:
883 3007 942 3056 “Ich
960 3006 1050 3069 gleube
1067 3008 1107 3055 die
1125 3009 1289 3060 dramatischc

212 3099 383 3146 “Dichtkunst
400 3098 491 3146 studirt
508 3113 537 3145 zu
555 3097 647 3146 haben.
658 3134 663 3144 .
674 3135 696 3145 ..
737 3099 798 3148 Wus
814 3097 879 3146 mich
897 3097 948 3145 also
965 3097 1103 3145 versichert
1118 3099 1186 3146 dass.
1196 3137 1201 3147 .
1213 3135 1233 3148 ..
1248 3100 1288 3148 ich

186 3202 190 3208 ·
213 3189 274 3234 “das
291 3171 384 3236 Weeeu
401 3187 447 3234 der
462 3185 644 3233 dramatischen
662 3184 816 3234 Dichtkunst
832 3183 901 3232 nieht
916 3185 1058 3244 rerkenue,
1076 3186 1108 3234 ist
1124 3187 1215 3242 dieses.
1232 3189 1288 3237 dass

213 3275 271 3324 “ich
297 3291 323 3325 es
349 3277 518 3326 rollkommen
544 3291 571 3324 so
596 3276 706 3326 erkenne
731 3277 779 3324 wie
800 3290 826 3323 es
847 3276 997 3326 Aristoteles
1013 3292 1058 3332 aus
1075 3279 1122 3326 den
1140 3279 1289 3343 nnnshligen

213 3365 439 3416 “Meisterstliclren
465 3367 510 3414 der
532 3366 703 3430 griechischen
720 3365 809 3432 Biihne
827 3365 963 3414 abstrahirt
983 3367 1086 3416 hat...
1125 3367 1169 3415 Ich
1187 3369 1290 3430 gcslehe

213 3457 286 3503 “dass
314 3455 353 3502 ich
377 3455 417 3504 die
442 3455 597 3504 Dicutkunsr
620 3455 701 3502 dieses
725 3453 892 3516 Philosophen
915 3454 954 3502 fur
971 3456 1008 3504 ein
1026 3456 1116 3504 ebenso
1133 3457 1290 3506 unlehlburcs

212 3545 311 3593 “Werk
328 3545 394 3593 halle
411 3544 446 3591 als
463 3544 503 3592 die
521 3544 651 3592 Elementc
668 3545 711 3591 des
728 3543 849 3591 Euklides
866 3559 914 3592 nur
931 3545 1019 3594 immer
1035 3545 1114 3594 siud.’'

247 3633 258 3663 ²
291 3635 359 3683 Poet.
377 3635 404 3682 6:
422 3635 491 3684 ἔστιν
508 3636 554 3683 οὖν
572 3633 697 3698 τραγῳδία
716 3634 819 3698 μίμησις
838 3637 949 3698 πράξεως
970 3636 1111 3693 σπουδαίας
1128 3640 1168 3685 καὶ
1177 3639 1287 3699 τελείας,

212 3721 585 3786 μὲγεθοςέχούοης,ἠόυσμένῳ
604 3722 672 3785 λόγῳ
690 3722 766 3784 χωρὶς
783 3722 888 3771 ἑκάστου
907 3729 958 3772 τῶν
975 3723 1048 3774 εἰδῶν
1066 3726 1093 3774 ἐν
1111 3729 1165 3783 τοῖς
1181 3728 1288 3791 μορίοις,

214 3809 333 3874 δρώντων
358 3812 399 3859 καὶ
418 3811 448 3858 οὐ
466 3810 494 3859 δι’
516 3810 689 3875 ἀπαγγελίας,
708 3809 736 3859 δι’
754 3811 824 3860 ἐλέου
842 3814 881 3860 καὶ
900 3813 982 3877 φόβου
1000 3814 1154 3878 περαίνοοσα
1172 3816 1220 3874 τὴν
1236 3821 1288 3865 τῶν

214 3899 340 3948 τοιούτων
365 3901 526 3962 παθημάτων
548 3900 677 3962 κάθαρσιν.
712 3890 793 3962 Quem
811 3901 892 3952 locum
910 3903 1097 3952 notatissimum
1114 3904 1149 3952 ita
1165 3904 1286 3968 explican-

213 3989 274 4035 dum
298 3996 372 4050 puto:
407 3989 454 4037 Est
478 3988 555 4052 igitur
580 3989 708 4052 tragoedia
732 3989 837 4040 imitatio
858 3991 962 4040 aetionis
979 3991 1071 4049 seriae,
1089 3992 1113 4040 in
1129 4006 1156 4040 se
1172 4007 1284 4046 consum·
1314 4017 1317 4025 ·

192 4111 195 4120 ·
216 4091 298 4126 mutae
321 4079 432 4141 aptisque
458 4079 546 4128 finibus
570 4079 781 4141 circumscriptae,
801 4093 915 4142 expressa
933 4080 1043 4128 oratione
1061 4084 1141 4130 conire
1158 4090 1197 4140 et,
1214 4091 1288 4143 prout

213 4167 314 4216 diversa
338 4177 394 4216 sunt
419 4184 513 4232 genera
537 4168 647 4227 dicendi,
673 4169 855 4218 accommodatis
880 4169 986 4231 singulis.
1009 4170 1090 4232 operis
1113 4170 1288 4231 1·artihus;itu

175 4254 179 4260 '
212 4270 287 4319 porro
304 4257 430 4315 instituta,
449 4266 476 4305 ut
492 4271 553 4320 quae
571 4264 691 4318 geruntur
708 4255 845 4322 videamus,
859 4271 907 4306 non
922 4257 1006 4305 auditu
1020 4259 1289 4322 modocognoscamus3

211 4346 319 4408 denique
336 4346 360 4394 id
378 4355 500 4408 spectum,
520 4355 547 4395 ut
564 4347 695 4395 excitando
713 4345 895 4395 miserationem
913 4355 938 4396 ct
950 4347 1078 4408 timorem,
1089 4349 1133 4398 hos
1144 4349 1287 4414 similesque

169 4483 172 4489 ,
211 4435 314 4484 affectus
331 4437 455 4506 emender.
