3154 5198
818 402 858 464 68

305 587 508 654 damnandus
529 587 549 650 ¹.
595 583 798 650 Rhetoricam
824 583 915 648 illam
946 588 1048 649 artem
1080 606 1161 671 quae
1192 584 1260 671 ejus
1289 591 1376 652 tern-

304 701 436 788 poribus
466 699 619 783 florebat,
653 697 782 764 etiamsi
811 718 876 762 non
906 695 1111 766 adhiberetur
1144 699 1185 763 ad
1218 700 1376 764 tuendam

306 815 477 900 iujuriam,
502 813 543 879 ad
566 812 661 899 nigra
683 833 742 898 pro
765 810 867 894 albis,
893 833 990 877 curva
1005 834 1064 898 pro
1080 812 1193 897 rectis,
1209 833 1267 897 pro
1282 814 1375 898 puris

306 949 422 1012 spurca
454 923 669 1008 venditandae,
693 921 780 989 inter
802 921 924 1009 primas
948 929 1058 989 tamen
1081 945 1193 989 causas
1217 923 1375 991 referebat

306 1041 424 1128 quibus
445 1038 553 1126 patria
574 1037 725 1123 civesque
748 1036 782 1102 in
805 1035 897 1122 pejus
919 1037 1183 1123 propellerentur.
1211 1037 1299 1106 Olim
1310 1037 1375 1102 mi-

306 1176 368 1220 nus
390 1153 523 1238 linguae
538 1149 684 1216 fidebant
698 1149 915 1216 Athenienses
928 1171 1025 1235 quam
1039 1148 1145 1215 robori
1157 1149 1373 1233 brachiorum,

272 1327 274 1330 .
304 1268 499 1354 palaestram
530 1263 641 1351 potius
670 1284 768 1349 quam
791 1263 956 1328 rhetorum
979 1262 1140 1329 auditoria
1162 1263 1372 1351 frequentau-

304 1390 354 1446 tes
368 1380 390 1446 2.
438 1379 475 1445 Si
507 1379 563 1464 qui
585 1377 691 1443 adhuc
714 1377 904 1474 superstites
928 1382 1020 1443 erant
1044 1400 1061 1443 c
1084 1377 1162 1444 viris
1186 1379 1242 1465 qui
1264 1379 1375 1445 debel-

305 1495 413 1558 larant
435 1491 567 1575 Persas,
593 1491 628 1556 in
650 1489 721 1555 foro
743 1490 826 1554 nihil
851 1489 1002 1555 valebant
1017 1491 1169 1557 adversus
1185 1491 1375 1559 delicatulus

301 1604 437 1690 juvenes
461 1623 579 1668 novam
602 1607 706 1667 artem
729 1601 903 1700 oratoriam
926 1603 1081 1669 callentes
1096 1609 1124 1680 ⁸,
1148 1626 1285 1691 quorum
1298 1605 1375 1671 iufi-

340 1796 349 1828 ι
382 1762 455 1826 Quod
478 1776 528 1812 uon
551 1761 641 1812 melius
664 1761 713 1812 diu'
735 1770 815 1826 potest
839 1778 912 1827 quam
937 1762 976 1812 his
1001 1762 1079 1826 ipsius
1100 1763 1227 1828 Euripidis
1249 1766 1378 1817 versiculis

306 1852 407 1916 (fragm.
423 1853 473 1902 258
488 1851 590 1916 wega,
606 1853 655 1902 255
672 1852 762 1911 Diud.;
780 1852 812 1903 cf.
828 1851 950 1902 Valckeu.
964 1851 1046 1902 Diatr.
1060 1843 1119 1916 pag.
1136 1854 1208 1914 257):

532 1939 633 1998 ἁπλοῦς
650 1939 664 1990 d
680 1942 773 2005 μῦθος,
790 1942 825 2004 μὴ
841 1939 893 2005 λέγ’
910 1942 944 1990 εὖ·
962 1941 990 1990 τὸ
1007 1942 1056 2006 γὰρ
1073 1940 1154 2006 λέγειν

530 2031 556 2080 εὖ
572 2029 654 2080 δεινόν
670 2031 747 2092 ἐστιν,
765 2028 785 2078 εἰ
802 2028 870 2094 φέροι
886 2031 949 2079 τινὰ*
960 2030 1074 2092 βλάβην.

338 2118 349 2150 ²
381 2116 485 2170 certum
512 2124 562 2177 est,
587 2118 732 2182 Euripidem
757 2118 851 2168 artibus
875 2118 1025 2181 palaestricis
1050 2133 1101 2169 uon
1124 2119 1229 2169 multum
1254 2120 1377 2173 tribuisse.

307 2209 420 2260 Ducebat
440 2208 482 2258 ille
503 2209 532 2258 τὸ
559 2210 585 2258 εὖ
602 2213 704 2273 φρονεῖν
719 2213 835 2273 κρεῖσσον
850 2211 971 2274 καρτεροῦ
987 2208 1129 2274 βραχίονος
1145 2209 1218 2272 (conf.
1235 2209 1324 2274 fragm,
1345 2224 1379 2260 ex

306 2300 429 2362 Antiope,
446 2299 496 2348 204
512 2299 618 2362 wega,
638 2300 685 2348 199
701 2298 802 2362 Diud.);
819 2297 845 2347 iu
861 2299 965 2350 athletas
982 2300 1072 2349 acriter
1088 2299 1213 2350 invehitur
1224 2300 1379 2350 versibus28

306 2403 367 2454 quos
382 2403 415 2438 ex
431 2389 558 2453 Autolyco
576 2395 684 2438 serratos
701 2387 842 2438 invenimur
857 2391 924 2453 apud
940 2390 1098 2440 Athenaeum
1109 2390 1144 2450 X,
1153 2405 1209 2454 pag.
1218 2390 1378 2454 413(fragm.

305 2481 352 2530 281
370 2479 470 2544 wago,
486 2480 535 2530 aet
551 2479 649 2542 Dind.):
671 2497 674 2503 ·

532 2567 605 2618 οὐδὲν
621 2568 708 2619 κάκιόν
724 2569 791 2619 ἐστιν
808 2568 925 2629 ἀθλητῶν
941 2569 1039 2635 γένους.

533 2747 681 2813 ἐμεμψάμην
696 2747 721 2798 δὲ
739 2750 780 2798 καὶ
798 2750 844 2798 τὸν
861 2747 989 2810 Ἑλλήνων
1005 2751 1092 2815 νόμον,

533 2840 559 2887 οἳ
575 2836 648 2888 τῶνδ’
665 2837 733 2889 ’ἕκατι
748 2837 876 2904 σύλλογον
894 2841 1039 2904 ποιούμενοι

532 2926 617 2991 πρῶν’
634 2927 751 2992 ἀχρείους
767 2928 862 2988 ἡδονὰς
879 2928 963 2988 δαιτὸς
979 2930 1056 2995 χάριν
1073 2942 1129 3014 cte.⁸

564 3107 659 3171 ἄνδρας
676 3107 721 3156 οὖν
738 3108 815 3171 ἐχρῆν
832 3108 926 3172 σοφούς
943 3128 969 3158 τε
986 3109 1111 3174 κάγαθοὺς

531 3195 635 3260 φύλλοις
652 3194 782 3260 στέφεσθαι
798 3205 844 3248 etc.
1069 3205 1071 3208 '

305 3285 355 3334 Hic
372 3284 504 3348 Euripides
520 3285 630 3335 imitatus
647 3292 683 3334 cst
700 3285 861 3348 Xeuophauis
876 3288 970 3348 locum,
986 3302 1060 3352 quem
1076 3288 1132 3352 lege
1143 3290 1208 3352 apud
1216 3289 1377 3340 Athenaeum

307 3373 366 3424 ibid.
383 3374 612 3426 Of.Sohoeu1.Gr.
629 3375 741 3426 Alterth.
758 3375 794 3435 II,
810 3391 868 3439 pag.
882 3378 922 3430 72.

338 3462 395 3511 Huc
425 3461 501 3511 etiam
532 3462 662 3512 referenda
694 3469 751 3512 sunt
777 3464 866 3512 acerba
892 3466 955 3514 dicta
981 3467 1012 3515 de
1036 3467 1214 3530 Spartanarum
1238 3468 1377 3531 puellarum

306 3549 408 3614 παιδείᾳ
424 3563 486 3613 quae
502 3548 528 3598 iu
544 3549 722 3600 Andromache
740 3551 823 3601 fabula
838 3539 964 3616 leguntur.
998 3554 1063 3616 (Hoc
1079 3555 1166 3604 saltem
1182 3570 1230 3605 uon
1246 3573 1262 3606 a
1275 3557 1378 3608 Socrate

304 3643 433 3701 caeperat
449 3637 592 3700 Euripides,
608 3638 658 3687 vid.
675 3639 740 3689 Plau
758 3641 822 3704 Rep.
839 3641 873 3698 V,
890 3655 946 3705 pag.
963 3645 1012 3695 457
1029 3645 1069 3693 B:
1085 3644 1098 3692 ὁ
1115 3644 1140 3694 δὲ
1157 3646 1237 3708 γελῶν
1253 3645 1320 3709 ἀνὴρ
1333 3647 1375 3696 ἐπὶ

304 3734 414 3794 γυμναῖς
431 3727 556 3791 γυναιξὶ..
567 3759 589 3774 ..
611 3726 683 3776 οὐδὲν
700 3726 827 3776 οἶδεν...
849 3726 885 3792 ἐφ’
902 3726 923 3792 ᾦ
941 3731 1023 3796 γελᾷ.)

336 3817 393 3865 Non
418 3814 542 3864 immerito
566 3814 643 3877 igitur
663 3821 767 3875 statues,
784 3816 910 3880 Euripidis
927 3832 1023 3883 quoque
1040 3821 1151 3871 dramata
1167 3821 1194 3871 in
1210 3837 1283 3872 cansa
1298 3822 1376 3872 fuisse

304 3919 348 3954 cur
363 3905 382 3957 J
385 3913 452 3955 ustus
468 3911 551 3954 orator
567 3903 634 3953 Ναὶ).
651 3919 689 3954 rs.
708 3907 772 3956 1052
788 3921 839 3970 sqq.
857 3907 992 3958 exclamet:

790 3994 861 4046 ταῦτ’
878 3997 942 4059 ἐστι’,
961 3997 1033 4048 ταῦτ’
1049 3999 1138 4062 ἐκεῖνα,

434 4087 451 4133 ἃ
468 4087 519 4133 τῶν
535 4084 673 4132 νεανίσκων
689 4082 729 4136 det
746 4083 775 4134 δι’
792 4077 887 4150 ἡμέρας
903 4088 1053 4138 λαλούντων
1115 4087 1119 4096 ’

435 4173 528 4237 πλῆρες
545 4173 574 4221 τὸ
590 4170 731 4234 βαλανεῖον
747 4178 827 4235 ποιεῖ,
845 4177 921 4234 κενὰς
937 4175 962 4225 δὲ
980 4178 1026 4235 τὰς
1043 4178 1212 4245 παλαίστρας.

339 4259 348 4290 ³
381 4260 493 4310 Acheru.
510 4277 546 4310 rs.
564 4265 613 4316 676
629 4279 692 4327 sqq.:

436 4351 458 4398 oi
476 4350 591 4416 γέροντες
608 4353 631 4402 ci
649 4354 754 4402 παλαιοὶ
771 4356 929 4419 μεμφόμεσθα
948 4358 981 4422 rp*
997 4358 1076 4406 πόλει.

435 4440 464 4487 οὐ
482 4442 530 4504 γὰρ
548 4441 624 4498 ἀξίως
641 4441 742 4491 ἐκείνων
759 4441 795 4492 ὧν
811 4443 1021 4509 ἐναυμαχήσαμεν
