<?xml version="1.0" encoding="UTF-8"?>
<!DOCTYPE html PUBLIC "-//W3C//DTD XHTML 1.0 Transitional//EN"
    "http://www.w3.org/TR/xhtml1/DTD/xhtml1-transitional.dtd">
<html xmlns="http://www.w3.org/1999/xhtml" xml:lang="en" lang="en">
 <head>
  <title>
</title>
<meta http-equiv="Content-Type" content="text/html;charset=utf-8" />
  <meta name='ocr-system' content='tesseract 3.04.00' />
  <meta name='ocr-capabilities' content='ocr_page ocr_carea ocr_par ocr_line ocrx_word'/>
</head>
<body>
  <div class='ocr_page' id='page_1' title='image "./specimenliterar02leeugoog_0089.png"; bbox 0 0 3154 5198; ppageno 0'>
   <div class='ocr_carea' id='block_1_1' title="bbox 578 388 1131 966">
    <p class='ocr_par' dir='ltr' id='par_1_1' title="bbox 827 388 866 448">
     <span class='ocr_line' id='line_1_1' title="bbox 827 388 866 448; baseline 0 0"><span class='ocrx_word' id='word_1_1' title='bbox 827 388 866 448; x_wconf 79' lang='lat'><strong>74</strong></span> 
     </span>
    </p>

    <p class='ocr_par' dir='ltr' id='par_1_2' title="bbox 578 569 1131 866">
     <span class='ocr_line' id='line_1_2' title="bbox 581 569 1044 658; baseline -0.009 -21"><span class='ocrx_word' id='word_1_2' title='bbox 581 577 641 637; x_wconf 82' lang='grc' dir='ltr'><strong>καὶ</strong></span> <span class='ocrx_word' id='word_1_3' title='bbox 664 572 1003 658; x_wconf 74' lang='grc' dir='ltr'>κατερρινημένον</span> <span class='ocrx_word' id='word_1_4' title='bbox 1023 569 1044 640; x_wconf 79' lang='lat'><strong>¹,</strong></span> 
     </span>
     <span class='ocr_line' id='line_1_3' title="bbox 580 673 1131 760; baseline -0.002 -21"><span class='ocrx_word' id='word_1_5' title='bbox 580 678 636 741; x_wconf 87' lang='grc' dir='ltr'><strong>τὸν</strong></span> <span class='ocrx_word' id='word_1_6' title='bbox 658 673 684 740; x_wconf 75' lang='grc' dir='ltr'><strong>δ’</strong></span> <span class='ocrx_word' id='word_1_7' title='bbox 705 675 885 741; x_wconf 78' lang='grc' dir='ltr'>ἀνασπῶντ’</span> <span class='ocrx_word' id='word_1_8' title='bbox 906 676 1131 760; x_wconf 78' lang='grc' dir='ltr'>αὐτοπρέμνοις</span> 
     </span>
     <span class='ocr_line' id='line_1_4' title="bbox 578 781 814 866; baseline 0.008 -24"><span class='ocrx_word' id='word_1_9' title='bbox 578 789 646 854; x_wconf 84' lang='grc' dir='ltr'>τοῖς</span> <span class='ocrx_word' id='word_1_10' title='bbox 666 781 814 866; x_wconf 80' lang='grc' dir='ltr'>λόγοισιν</span> 
     </span>
    </p>

    <p class='ocr_par' dir='ltr' id='par_1_3' title="bbox 579 880 1050 966">
     <span class='ocr_line' id='line_1_5' title="bbox 579 880 1050 966; baseline 0 -18"><span class='ocrx_word' id='word_1_11' title='bbox 579 886 751 966; x_wconf 82' lang='grc' dir='ltr'>ἐμπεσόντα</span> <span class='ocrx_word' id='word_1_12' title='bbox 773 880 952 949; x_wconf 72' lang='lat' dir='ltr'><strong>uuussddv&#39;</strong></span> <span class='ocrx_word' id='word_1_13' title='bbox 972 883 1050 948; x_wconf 91' lang='grc' dir='ltr'>πολ·</span> 
     </span>
    </p>
   </div>
   <div class='ocr_carea' id='block_1_2' title="bbox 578 985 970 1076">
    <p class='ocr_par' dir='ltr' id='par_1_4' title="bbox 578 985 970 1076">
     <span class='ocr_line' id='line_1_6' title="bbox 578 985 970 1076; baseline 0 -24"><span class='ocrx_word' id='word_1_14' title='bbox 578 988 641 1063; x_wconf 87' lang='grc' dir='ltr'><strong>λὰς</strong></span> <span class='ocrx_word' id='word_1_15' title='bbox 662 985 856 1076; x_wconf 72' lang='grc' dir='ltr'>ἀλινδήθρας</span> <span class='ocrx_word' id='word_1_16' title='bbox 878 991 970 1054; x_wconf 82' lang='grc' dir='ltr'>ἐτῶν-</span> 
     </span>
    </p>
   </div>
   <div class='ocr_carea' id='block_1_3' title="bbox 206 1129 1371 2216">
    <p class='ocr_par' dir='ltr' id='par_1_5' title="bbox 206 1129 1371 2124">
     <span class='ocr_line' id='line_1_7' title="bbox 348 1129 1368 1215; baseline 0.005 -23"><span class='ocrx_word' id='word_1_17' title='bbox 348 1129 482 1213; x_wconf 89' lang='lat' dir='ltr'><strong>Incepto</strong></span> <span class='ocrx_word' id='word_1_18' title='bbox 502 1135 611 1193; x_wconf 90' lang='lat' dir='ltr'><strong>autem</strong></span> <span class='ocrx_word' id='word_1_19' title='bbox 633 1129 824 1213; x_wconf 82' lang='lat' dir='ltr'>certamine,</span> <span class='ocrx_word' id='word_1_20' title='bbox 838 1129 1012 1214; x_wconf 82' lang='lat' dir='ltr'>Euripides</span> <span class='ocrx_word' id='word_1_21' title='bbox 1024 1150 1122 1215; x_wconf 86' lang='lat' dir='ltr'><strong>quam</strong></span> <span class='ocrx_word' id='word_1_22' title='bbox 1134 1129 1221 1196; x_wconf 86' lang='lat' dir='ltr'><strong>viam</strong></span> <span class='ocrx_word' id='word_1_23' title='bbox 1233 1130 1267 1194; x_wconf 89' lang='lat' dir='ltr'><strong>in</strong></span> <span class='ocrx_word' id='word_1_24' title='bbox 1280 1152 1368 1196; x_wconf 91' lang='lat' dir='ltr'><strong>com-</strong></span> 
     </span>
     <span class='ocr_line' id='line_1_8' title="bbox 212 1234 1369 1330; baseline 0.001 -23"><span class='ocrx_word' id='word_1_25' title='bbox 212 1287 214 1292; x_wconf 68' lang='lat'><strong>,</strong></span> <span class='ocrx_word' id='word_1_26' title='bbox 301 1243 459 1327; x_wconf 89' lang='lat' dir='ltr'><strong>ponendis</strong></span> <span class='ocrx_word' id='word_1_27' title='bbox 480 1234 664 1326; x_wconf 60' lang='lat' dir='ltr'><strong>&#39;tragoediis</strong></span> <span class='ocrx_word' id='word_1_28' title='bbox 696 1243 806 1308; x_wconf 90' lang='lat' dir='ltr'><strong>inierit</strong></span> <span class='ocrx_word' id='word_1_29' title='bbox 828 1247 957 1308; x_wconf 78' lang='lat' dir='ltr'><strong>enarrat</strong></span> <span class='ocrx_word' id='word_1_30' title='bbox 980 1243 1043 1326; x_wconf 89' lang='lat' dir='ltr'><strong>(vs.</strong></span> <span class='ocrx_word' id='word_1_31' title='bbox 1069 1245 1133 1309; x_wconf 82' lang='grc'><strong>939</strong></span> <span class='ocrx_word' id='word_1_32' title='bbox 1157 1246 1258 1330; x_wconf 90' lang='lat' dir='ltr'><strong>sqq.),</strong></span> <span class='ocrx_word' id='word_1_33' title='bbox 1282 1249 1315 1309; x_wconf 91' lang='lat' dir='ltr'><strong>et</strong></span> <span class='ocrx_word' id='word_1_34' title='bbox 1334 1243 1369 1308; x_wconf 92' lang='lat' dir='ltr'><strong>in</strong></span> 
     </span>
     <span class='ocr_line' id='line_1_9' title="bbox 206 1354 1369 1441; baseline -0.001 -19"><span class='ocrx_word' id='word_1_35' title='bbox 206 1385 208 1390; x_wconf 95' lang='lat'>·</span> <span class='ocrx_word' id='word_1_36' title='bbox 301 1359 366 1423; x_wconf 90' lang='lat' dir='ltr'><strong>fine</strong></span> <span class='ocrx_word' id='word_1_37' title='bbox 398 1356 553 1422; x_wconf 89' lang='lat' dir='ltr'><strong>orationis</strong></span> <span class='ocrx_word' id='word_1_38' title='bbox 585 1355 691 1441; x_wconf 85' lang='lat' dir='ltr'><strong>jactat</strong></span> <span class='ocrx_word' id='word_1_39' title='bbox 722 1357 807 1421; x_wconf 88' lang='lat' dir='ltr'><strong>cives</strong></span> <span class='ocrx_word' id='word_1_40' title='bbox 839 1379 859 1421; x_wconf 88' lang='lat' dir='ltr'><strong>a</strong></span> <span class='ocrx_word' id='word_1_41' title='bbox 893 1377 927 1421; x_wconf 90' lang='lat' dir='ltr'><strong>se</strong></span> <span class='ocrx_word' id='word_1_42' title='bbox 960 1354 1071 1421; x_wconf 78' lang='grc' dir='ltr'>λαλεῖν</span> <span class='ocrx_word' id='word_1_43' title='bbox 1101 1355 1253 1423; x_wconf 78' lang='lat' dir='ltr'><strong>didicisse</strong></span> <span class='ocrx_word' id='word_1_44' title='bbox 1288 1356 1369 1441; x_wconf 88' lang='lat' dir='ltr'><strong>(uti-</strong></span> 
     </span>
     <span class='ocr_line' id='line_1_10' title="bbox 302 1469 1368 1556; baseline -0.002 -20"><span class='ocrx_word' id='word_1_45' title='bbox 302 1494 388 1554; x_wconf 88' lang='lat' dir='ltr'><strong>nam,</strong></span> <span class='ocrx_word' id='word_1_46' title='bbox 412 1470 544 1556; x_wconf 89' lang='lat' dir='ltr'><strong>subjicit</strong></span> <span class='ocrx_word' id='word_1_47' title='bbox 566 1469 766 1554; x_wconf 83' lang='lat' dir='ltr'><strong>Aeschylus,</strong></span> <span class='ocrx_word' id='word_1_48' title='bbox 780 1469 870 1555; x_wconf 91' lang='lat' dir='ltr'><strong>prius</strong></span> <span class='ocrx_word' id='word_1_49' title='bbox 882 1470 1050 1555; x_wconf 90' lang='lat' dir='ltr'><strong>disruptus</strong></span> <span class='ocrx_word' id='word_1_50' title='bbox 1063 1492 1149 1536; x_wconf 90' lang='lat' dir='ltr'><strong>esses</strong></span> <span class='ocrx_word' id='word_1_51' title='bbox 1161 1472 1168 1534; x_wconf 84' lang='lat' dir='ltr'><strong>l</strong></span> <span class='ocrx_word' id='word_1_52' title='bbox 1182 1471 1224 1556; x_wconf 83' lang='lat'><strong>³),</strong></span> <span class='ocrx_word' id='word_1_53' title='bbox 1241 1475 1275 1535; x_wconf 91' lang='lat' dir='ltr'><strong>et</strong></span> <span class='ocrx_word' id='word_1_54' title='bbox 1290 1469 1368 1535; x_wconf 88' lang='lat' dir='ltr'><strong>artis</strong></span> 
     </span>
     <span class='ocr_line' id='line_1_11' title="bbox 242 1582 1369 1668; baseline -0.001 -19"><span class='ocrx_word' id='word_1_55' title='bbox 242 1637 245 1642; x_wconf 94' lang='lat'><em>.</em></span> <span class='ocrx_word' id='word_1_56' title='bbox 302 1585 476 1650; x_wconf 85' lang='lat' dir='ltr'><strong>rhetoricae</strong></span> <span class='ocrx_word' id='word_1_57' title='bbox 503 1582 721 1666; x_wconf 77' lang='lat' dir='ltr'><strong>subtilitates,</strong></span> <span class='ocrx_word' id='word_1_58' title='bbox 755 1605 835 1668; x_wconf 90' lang='lat' dir='ltr'><strong>quas</strong></span> <span class='ocrx_word' id='word_1_59' title='bbox 868 1605 946 1668; x_wconf 65' lang='lat' dir='ltr'><strong>mos</strong></span> <span class='ocrx_word' id='word_1_60' title='bbox 972 1583 1071 1648; x_wconf 90' lang='lat' dir='ltr'><strong>etiam</strong></span> <span class='ocrx_word' id='word_1_61' title='bbox 1095 1605 1129 1648; x_wconf 89' lang='lat' dir='ltr'><strong>se</strong></span> <span class='ocrx_word' id='word_1_62' title='bbox 1150 1583 1232 1648; x_wconf 91' lang='lat' dir='ltr'><strong>hene</strong></span> <span class='ocrx_word' id='word_1_63' title='bbox 1254 1583 1369 1648; x_wconf 78' lang='lat' dir='ltr'><strong>callere</strong></span> 
     </span>
     <span class='ocr_line' id='line_1_12' title="bbox 301 1695 1371 1781; baseline -0.001 -20"><span class='ocrx_word' id='word_1_64' title='bbox 301 1696 463 1778; x_wconf 88' lang='lat' dir='ltr'><strong>ostendit,</strong></span> <span class='ocrx_word' id='word_1_65' title='bbox 488 1717 588 1781; x_wconf 91' lang='lat' dir='ltr'><strong>quum</strong></span> <span class='ocrx_word' id='word_1_66' title='bbox 615 1695 826 1780; x_wconf 74' lang='lat' dir='ltr'><strong>Chodphordn</strong></span> <span class='ocrx_word' id='word_1_67' title='bbox 853 1695 985 1760; x_wconf 91' lang='lat' dir='ltr'><strong>initium</strong></span> <span class='ocrx_word' id='word_1_68' title='bbox 1013 1695 1248 1780; x_wconf 90' lang='lat' dir='ltr'><strong>reprehendens</strong></span> <span class='ocrx_word' id='word_1_69' title='bbox 1265 1696 1371 1773; x_wconf 85' lang='lat' dir='ltr'><strong>utitur</strong></span> 
     </span>
     <span class='ocr_line' id='line_1_13' title="bbox 301 1807 1367 1894; baseline 0 -22"><span class='ocrx_word' id='word_1_70' title='bbox 301 1808 522 1894; x_wconf 82' lang='lat' dir='ltr'><strong>grammaticis</strong></span> <span class='ocrx_word' id='word_1_71' title='bbox 554 1809 692 1894; x_wconf 79' lang='lat' dir='ltr'><strong>argutiis</strong></span> <span class='ocrx_word' id='word_1_72' title='bbox 725 1831 772 1874; x_wconf 83' lang='lat' dir='ltr'><strong>vs.</strong></span> <span class='ocrx_word' id='word_1_73' title='bbox 807 1811 891 1874; x_wconf 88' lang='grc'><strong>1167</strong></span> <span class='ocrx_word' id='word_1_74' title='bbox 927 1830 973 1893; x_wconf 92' lang='lat' dir='ltr'><strong>sq.</strong></span> <span class='ocrx_word' id='word_1_75' title='bbox 997 1812 1018 1872; x_wconf 75' lang='lat'><strong>⁴.</strong></span> <span class='ocrx_word' id='word_1_76' title='bbox 1068 1807 1235 1874; x_wconf 79' lang='lat' dir='ltr'><strong>Gloriatur</strong></span> <span class='ocrx_word' id='word_1_77' title='bbox 1270 1807 1367 1874; x_wconf 92' lang='lat' dir='ltr'><strong>disci-</strong></span> 
     </span>
     <span class='ocr_line' id='line_1_14' title="bbox 301 1921 1369 2009; baseline 0.001 -22"><span class='ocrx_word' id='word_1_78' title='bbox 301 1921 388 2008; x_wconf 90' lang='lat' dir='ltr'><strong>pulis</strong></span> <span class='ocrx_word' id='word_1_79' title='bbox 426 1943 460 1986; x_wconf 91' lang='lat' dir='ltr'><strong>se</strong></span> <span class='ocrx_word' id='word_1_80' title='bbox 496 1921 623 2008; x_wconf 84' lang='lat' dir='ltr'><strong>dignis,</strong></span> <span class='ocrx_word' id='word_1_81' title='bbox 664 1923 877 2000; x_wconf 79' lang='lat' dir='ltr'><strong>Theramene,</strong></span> <span class='ocrx_word' id='word_1_82' title='bbox 919 1923 1144 2008; x_wconf 80' lang='lat' dir='ltr'><strong>Clitophonte3</strong></span> <span class='ocrx_word' id='word_1_83' title='bbox 1187 1946 1287 2009; x_wconf 91' lang='lat' dir='ltr'><strong>quum</strong></span> <span class='ocrx_word' id='word_1_84' title='bbox 1329 1945 1369 1988; x_wconf 87' lang='lat' dir='ltr'><strong>ex</strong></span> 
     </span>
     <span class='ocr_line' id='line_1_15' title="bbox 303 2034 1368 2124; baseline 0.002 -24"><span class='ocrx_word' id='word_1_85' title='bbox 303 2034 455 2118; x_wconf 88' lang='lat' dir='ltr'><strong>Aeschyli</strong></span> <span class='ocrx_word' id='word_1_86' title='bbox 478 2035 651 2121; x_wconf 86' lang='lat' dir='ltr'><strong>disciplina</strong></span> <span class='ocrx_word' id='word_1_87' title='bbox 676 2036 855 2120; x_wconf 87' lang='lat' dir='ltr'><strong>prodierint</strong></span> <span class='ocrx_word' id='word_1_88' title='bbox 881 2035 1083 2101; x_wconf 87' lang='lat' dir='ltr'><strong>Phormisius</strong></span> <span class='ocrx_word' id='word_1_89' title='bbox 1109 2041 1142 2124; x_wconf 83' lang='lat' dir='ltr'><strong>et</strong></span> <span class='ocrx_word' id='word_1_90' title='bbox 1158 2035 1368 2122; x_wconf 83' lang='lat' dir='ltr'><strong>Megaenetus</strong></span> 
     </span>
    </p>

    <p class='ocr_par' dir='ltr' id='par_1_6' title="bbox 303 2147 647 2216">
     <span class='ocr_line' id='line_1_16' title="bbox 303 2147 647 2216; baseline 0.012 -5"><span class='ocrx_word' id='word_1_91' title='bbox 303 2148 358 2213; x_wconf 91' lang='lat' dir='ltr'><strong>ille</strong></span> <span class='ocrx_word' id='word_1_92' title='bbox 379 2147 526 2212; x_wconf 89' lang='lat' dir='ltr'><strong>stolidior</strong></span> <span class='ocrx_word' id='word_1_93' title='bbox 546 2170 647 2216; x_wconf 85' lang='lat' dir='ltr'><strong>serve.</strong></span> 
     </span>
    </p>
   </div>
   <div class='ocr_carea' id='block_1_4' title="bbox 301 2261 1371 2686">
    <p class='ocr_par' dir='ltr' id='par_1_7' title="bbox 301 2261 1371 2686">
     <span class='ocr_line' id='line_1_17' title="bbox 348 2261 1371 2348; baseline -0.001 -20"><span class='ocrx_word' id='word_1_94' title='bbox 348 2263 488 2342; x_wconf 80' lang='lat' dir='ltr'><strong>Questus</strong></span> <span class='ocrx_word' id='word_1_95' title='bbox 520 2270 629 2334; x_wconf 87' lang='lat' dir='ltr'><strong>autem</strong></span> <span class='ocrx_word' id='word_1_96' title='bbox 661 2262 841 2346; x_wconf 88' lang='lat' dir='ltr'><strong>Aeschylus</strong></span> <span class='ocrx_word' id='word_1_97' title='bbox 873 2261 935 2346; x_wconf 84' lang='lat' dir='ltr'><strong>(vs.</strong></span> <span class='ocrx_word' id='word_1_98' title='bbox 972 2264 1055 2326; x_wconf 86' lang='grc'><strong>1069</strong></span> <span class='ocrx_word' id='word_1_99' title='bbox 1088 2263 1175 2348; x_wconf 83' lang='lat' dir='ltr'><strong>sqq.)</strong></span> <span class='ocrx_word' id='word_1_100' title='bbox 1209 2263 1248 2327; x_wconf 94' lang='lat' dir='ltr'><strong>de</strong></span> <span class='ocrx_word' id='word_1_101' title='bbox 1271 2261 1371 2348; x_wconf 71' lang='grc' dir='ltr'>λαλιᾷ</span> 
     </span>
     <span class='ocr_line' id='line_1_18' title="bbox 302 2374 1369 2461; baseline 0.003 -22"><span class='ocrx_word' id='word_1_102' title='bbox 302 2376 374 2458; x_wconf 88' lang='lat' dir='ltr'><strong>illa,</strong></span> <span class='ocrx_word' id='word_1_103' title='bbox 410 2377 451 2441; x_wconf 88' lang='lat' dir='ltr'><strong>ab</strong></span> <span class='ocrx_word' id='word_1_104' title='bbox 482 2374 639 2460; x_wconf 81' lang='lat' dir='ltr'><strong>Euripide</strong></span> <span class='ocrx_word' id='word_1_105' title='bbox 670 2374 913 2457; x_wconf 87' lang='lat' dir='ltr'><strong>commendata,</strong></span> <span class='ocrx_word' id='word_1_106' title='bbox 954 2396 1183 2461; x_wconf 65' lang='grc' dir='ltr'>(μετανοοῦσα</span> <span class='ocrx_word' id='word_1_107' title='bbox 1214 2377 1369 2442; x_wconf 90' lang='lat' dir='ltr'><strong>reddebat</strong></span> 
     </span>
     <span class='ocr_line' id='line_1_19' title="bbox 301 2487 1369 2574; baseline 0.001 -21"><span class='ocrx_word' id='word_1_108' title='bbox 301 2487 477 2574; x_wconf 85' lang='lat' dir='ltr'><strong>palaestras</strong></span> <span class='ocrx_word' id='word_1_109' title='bbox 516 2492 549 2552; x_wconf 91' lang='lat' dir='ltr'><strong>et</strong></span> <span class='ocrx_word' id='word_1_110' title='bbox 584 2509 688 2553; x_wconf 91' lang='lat' dir='ltr'><strong>mores</strong></span> <span class='ocrx_word' id='word_1_111' title='bbox 728 2507 901 2571; x_wconf 89' lang='lat' dir='ltr'><strong>puerorum</strong></span> <span class='ocrx_word' id='word_1_112' title='bbox 940 2489 1183 2572; x_wconf 86' lang='lat' dir='ltr'><strong>corrumpebat,</strong></span> <span class='ocrx_word' id='word_1_113' title='bbox 1228 2489 1369 2574; x_wconf 89' lang='lat' dir='ltr'><strong>denique</strong></span> 
     </span>
     <span class='ocr_line' id='line_1_20' title="bbox 302 2601 787 2686; baseline -0.004 -20"><span class='ocrx_word' id='word_1_114' title='bbox 302 2601 462 2667; x_wconf 81' lang='lat' dir='ltr'><strong>exclamat</strong></span> <span class='ocrx_word' id='word_1_115' title='bbox 485 2601 546 2682; x_wconf 90' lang='lat' dir='ltr'><strong>(vs.</strong></span> <span class='ocrx_word' id='word_1_116' title='bbox 575 2602 659 2665; x_wconf 88' lang='grc'><strong>1083</strong></span> <span class='ocrx_word' id='word_1_117' title='bbox 684 2602 787 2686; x_wconf 81' lang='lat' dir='ltr'><strong>sqq.):</strong></span> 
     </span>
    </p>
   </div>
   <div class='ocr_carea' id='block_1_5' title="bbox 302 2809 1411 4471">
    <p class='ocr_par' dir='ltr' id='par_1_8' title="bbox 302 2809 1411 4471">
     <span class='ocr_line' id='line_1_21' title="bbox 336 2809 1369 2876; baseline 0 -14"><span class='ocrx_word' id='word_1_118' title='bbox 336 2812 343 2843; x_wconf 86' lang='lat'>¹</span> <span class='ocrx_word' id='word_1_119' title='bbox 379 2811 470 2862; x_wconf 79' lang='lat' dir='ltr'><strong>hfiram</strong></span> <span class='ocrx_word' id='word_1_120' title='bbox 493 2811 704 2873; x_wconf 81' lang='lat' dir='ltr'><strong>perturbationem</strong></span> <span class='ocrx_word' id='word_1_121' title='bbox 729 2810 755 2859; x_wconf 93' lang='lat' dir='ltr'><strong>in</strong></span> <span class='ocrx_word' id='word_1_122' title='bbox 779 2809 851 2874; x_wconf 79' lang='lat' dir='ltr'><strong>hujm</strong></span> <span class='ocrx_word' id='word_1_123' title='bbox 875 2810 923 2860; x_wconf 91' lang='lat' dir='ltr'><strong>loci</strong></span> <span class='ocrx_word' id='word_1_124' title='bbox 947 2812 1149 2876; x_wconf 81' lang='lat' dir='ltr'><strong>interpretatione</strong></span> <span class='ocrx_word' id='word_1_125' title='bbox 1165 2813 1244 2861; x_wconf 86' lang='lat' dir='ltr'><strong>movit</strong></span> <span class='ocrx_word' id='word_1_126' title='bbox 1260 2812 1369 2876; x_wconf 75' lang='lat' dir='ltr'><strong>spanhe-</strong></span> 
     </span>
     <span class='ocr_line' id='line_1_22' title="bbox 303 2900 1371 2966; baseline 0.002 -16"><span class='ocrx_word' id='word_1_127' title='bbox 303 2903 379 2959; x_wconf 87' lang='lat' dir='ltr'><strong>mius,</strong></span> <span class='ocrx_word' id='word_1_128' title='bbox 404 2915 434 2950; x_wconf 85' lang='lat' dir='ltr'><strong>ea</strong></span> <span class='ocrx_word' id='word_1_129' title='bbox 456 2915 519 2964; x_wconf 86' lang='lat' dir='ltr'><strong>quae</strong></span> <span class='ocrx_word' id='word_1_130' title='bbox 544 2901 574 2950; x_wconf 91' lang='lat' dir='ltr'><strong>de</strong></span> <span class='ocrx_word' id='word_1_131' title='bbox 599 2900 718 2964; x_wconf 79' lang='lat' dir='ltr'><strong>Euripide</strong></span> <span class='ocrx_word' id='word_1_132' title='bbox 739 2900 857 2950; x_wconf 88' lang='lat' dir='ltr'><strong>dicuutur</strong></span> <span class='ocrx_word' id='word_1_133' title='bbox 877 2902 909 2950; x_wconf 86' lang='lat' dir='ltr'><strong>ad</strong></span> <span class='ocrx_word' id='word_1_134' title='bbox 926 2901 1081 2965; x_wconf 82' lang='lat' dir='ltr'><strong>Aeschylum</strong></span> <span class='ocrx_word' id='word_1_135' title='bbox 1096 2909 1208 2965; x_wconf 80' lang='lat' dir='ltr'><strong>spectare</strong></span> <span class='ocrx_word' id='word_1_136' title='bbox 1223 2909 1326 2966; x_wconf 75' lang='lat' dir='ltr'><strong>putens,</strong></span> <span class='ocrx_word' id='word_1_137' title='bbox 1343 2909 1371 2952; x_wconf 90' lang='lat' dir='ltr'><strong>et</strong></span> 
     </span>
     <span class='ocr_line' id='line_1_23' title="bbox 303 2989 1374 3056; baseline 0.002 -16"><span class='ocrx_word' id='word_1_138' title='bbox 303 2989 508 3055; x_wconf 82' lang='grc' dir='ltr'>κατερρινημένον</span> <span class='ocrx_word' id='word_1_139' title='bbox 524 2997 622 3040; x_wconf 85' lang='lat' dir='ltr'><strong>vertens</strong></span> <span class='ocrx_word' id='word_1_140' title='bbox 638 2990 697 3039; x_wconf 73' lang='lat' dir='ltr'><strong>baua</strong></span> <span class='ocrx_word' id='word_1_141' title='bbox 714 2994 871 3053; x_wconf 79' lang='lat' dir='ltr'><strong>compactum</strong></span> <span class='ocrx_word' id='word_1_142' title='bbox 887 3004 964 3053; x_wconf 88' lang='lat' dir='ltr'><strong>quum</strong></span> <span class='ocrx_word' id='word_1_143' title='bbox 975 2991 1264 3055; x_wconf 73' lang='lat' dir='ltr'><strong>significetperpolitum.</strong></span> <span class='ocrx_word' id='word_1_144' title='bbox 1280 2993 1374 3056; x_wconf 82' lang='lat' dir='ltr'><strong>Neque-</strong></span> 
     </span>
     <span class='ocr_line' id='line_1_24' title="bbox 302 3078 1371 3144; baseline 0 -16"><span class='ocrx_word' id='word_1_145' title='bbox 302 3095 351 3144; x_wconf 92' lang='lat' dir='ltr'><strong>quo</strong></span> <span class='ocrx_word' id='word_1_146' title='bbox 366 3085 483 3142; x_wconf 84' lang='lat' dir='ltr'><strong>provocat</strong></span> <span class='ocrx_word' id='word_1_147' title='bbox 499 3079 552 3130; x_wconf 86' lang='lat' dir='ltr'><strong>loco</strong></span> <span class='ocrx_word' id='word_1_148' title='bbox 568 3079 659 3130; x_wconf 87' lang='lat' dir='ltr'><strong>Aesch.</strong></span> <span class='ocrx_word' id='word_1_149' title='bbox 676 3078 764 3142; x_wconf 85' lang='lat' dir='ltr'><strong>Suppl.</strong></span> <span class='ocrx_word' id='word_1_150' title='bbox 782 3093 819 3126; x_wconf 86' lang='lat' dir='ltr'><strong>vs.</strong></span> <span class='ocrx_word' id='word_1_151' title='bbox 836 3078 885 3130; x_wconf 75' lang='lat'><strong>747</strong></span> <span class='ocrx_word' id='word_1_152' title='bbox 894 3079 965 3127; x_wconf 85' lang='lat' dir='ltr'><strong>aliter</strong></span> <span class='ocrx_word' id='word_1_153' title='bbox 975 3086 1081 3135; x_wconf 70' lang='lat' dir='ltr'><strong>vertam</strong></span> <span class='ocrx_word' id='word_1_154' title='bbox 1093 3079 1212 3142; x_wconf 83' lang='grc' dir='ltr'>βραχίον’</span> <span class='ocrx_word' id='word_1_155' title='bbox 1222 3082 1249 3129; x_wconf 81' lang='lat' dir='ltr'><strong>ai</strong></span> <span class='ocrx_word' id='word_1_156' title='bbox 1256 3098 1371 3144; x_wconf 81' lang='grc' dir='ltr'>κατερρε-</span> 
     </span>
     <span class='ocr_line' id='line_1_25' title="bbox 303 3167 1371 3232; baseline 0.001 -15"><span class='ocrx_word' id='word_1_157' title='bbox 303 3168 403 3232; x_wconf 82' lang='grc' dir='ltr'>νημένοι</span> <span class='ocrx_word' id='word_1_158' title='bbox 419 3168 453 3216; x_wconf 90' lang='lat' dir='ltr'><strong>ibi</strong></span> <span class='ocrx_word' id='word_1_159' title='bbox 469 3168 583 3218; x_wconf 87' lang='lat' dir='ltr'><strong>dicuntur</strong></span> <span class='ocrx_word' id='word_1_160' title='bbox 599 3169 691 3218; x_wconf 90' lang='lat' dir='ltr'><strong>milites</strong></span> <span class='ocrx_word' id='word_1_161' title='bbox 707 3168 795 3232; x_wconf 87' lang='lat' dir='ltr'><strong>quibus</strong></span> <span class='ocrx_word' id='word_1_162' title='bbox 811 3167 911 3216; x_wconf 77' lang='lat' dir='ltr'><strong>brechia</strong></span> <span class='ocrx_word' id='word_1_163' title='bbox 924 3169 1019 3228; x_wconf 76' lang='lat' dir='ltr'><strong>atctda,</strong></span> <span class='ocrx_word' id='word_1_164' title='bbox 1035 3168 1254 3231; x_wconf 82' lang='lat' dir='ltr'><strong>quodvocabulum</strong></span> <span class='ocrx_word' id='word_1_165' title='bbox 1265 3169 1371 3218; x_wconf 83' lang='lat' dir='ltr'><strong>latinum</strong></span> 
     </span>
     <span class='ocr_line' id='line_1_26' title="bbox 302 3255 1370 3322; baseline 0.002 -18"><span class='ocrx_word' id='word_1_166' title='bbox 302 3257 361 3306; x_wconf 88' lang='lat' dir='ltr'><strong>item</strong></span> <span class='ocrx_word' id='word_1_167' title='bbox 385 3257 497 3319; x_wconf 83' lang='lat' dir='ltr'><strong>designat</strong></span> <span class='ocrx_word' id='word_1_168' title='bbox 520 3265 602 3306; x_wconf 87' lang='lat' dir='ltr'><strong>cutem</strong></span> <span class='ocrx_word' id='word_1_169' title='bbox 627 3271 684 3305; x_wconf 92' lang='lat' dir='ltr'><strong>cum</strong></span> <span class='ocrx_word' id='word_1_170' title='bbox 708 3256 771 3305; x_wconf 91' lang='lat' dir='ltr'><strong>bene</strong></span> <span class='ocrx_word' id='word_1_171' title='bbox 795 3261 919 3313; x_wconf 83' lang='lat' dir='ltr'><strong>curatam,</strong></span> <span class='ocrx_word' id='word_1_172' title='bbox 942 3255 1127 3318; x_wconf 83' lang='lat' dir='ltr'><strong>splendentem,</strong></span> <span class='ocrx_word' id='word_1_173' title='bbox 1143 3264 1195 3306; x_wconf 91' lang='lat' dir='ltr'><strong>tum</strong></span> <span class='ocrx_word' id='word_1_174' title='bbox 1213 3258 1287 3306; x_wconf 89' lang='lat' dir='ltr'><strong>etiem</strong></span> <span class='ocrx_word' id='word_1_175' title='bbox 1304 3272 1370 3322; x_wconf 85' lang='lat' dir='ltr'><strong>quae</strong></span> 
     </span>
     <span class='ocr_line' id='line_1_27' title="bbox 303 3346 818 3397; baseline 0.002 -2"><span class='ocrx_word' id='word_1_176' title='bbox 303 3347 391 3395; x_wconf 85' lang='lat' dir='ltr'><strong>bonam</strong></span> <span class='ocrx_word' id='word_1_177' title='bbox 407 3347 572 3397; x_wconf 80' lang='lat' dir='ltr'><strong>valetudinem</strong></span> <span class='ocrx_word' id='word_1_178' title='bbox 588 3355 613 3397; x_wconf 90' lang='lat' dir='ltr'><strong>ct</strong></span> <span class='ocrx_word' id='word_1_179' title='bbox 629 3348 704 3396; x_wconf 89' lang='lat' dir='ltr'><strong>robur</strong></span> <span class='ocrx_word' id='word_1_180' title='bbox 720 3346 818 3396; x_wconf 81' lang='lat' dir='ltr'><strong>indicet</strong></span> 
     </span>
     <span class='ocr_line' id='line_1_28' title="bbox 335 3434 1370 3500; baseline 0.004 -16"><span class='ocrx_word' id='word_1_181' title='bbox 335 3434 347 3466; x_wconf 81' lang='lat'>²</span> <span class='ocrx_word' id='word_1_182' title='bbox 379 3436 505 3486; x_wconf 79' lang='grc' dir='ltr'>Σνοκεόᾶν</span> <span class='ocrx_word' id='word_1_183' title='bbox 534 3443 605 3486; x_wconf 85' lang='lat' dir='ltr'><strong>verto</strong></span> <span class='ocrx_word' id='word_1_184' title='bbox 632 3437 766 3500; x_wconf 75' lang='lat' dir='ltr'><strong>disjicere,</strong></span> <span class='ocrx_word' id='word_1_185' title='bbox 793 3448 883 3497; x_wconf 85' lang='lat' dir='ltr'><strong>nempe</strong></span> <span class='ocrx_word' id='word_1_186' title='bbox 910 3436 987 3484; x_wconf 87' lang='lat' dir='ltr'><strong>verba</strong></span> <span class='ocrx_word' id='word_1_187' title='bbox 1015 3437 1045 3484; x_wconf 83' lang='lat' dir='ltr'><strong>ab</strong></span> <span class='ocrx_word' id='word_1_188' title='bbox 1072 3437 1213 3485; x_wconf 81' lang='lat' dir='ltr'><strong>adversario</strong></span> <span class='ocrx_word' id='word_1_189' title='bbox 1238 3439 1370 3488; x_wconf 83' lang='lat' dir='ltr'><strong>artificiose</strong></span> 
     </span>
     <span class='ocr_line' id='line_1_29' title="bbox 303 3527 600 3596; baseline -0.003 -21"><span class='ocrx_word' id='word_1_190' title='bbox 303 3527 439 3590; x_wconf 86' lang='lat' dir='ltr'><strong>conjuncta.</strong></span> <span class='ocrx_word' id='word_1_191' title='bbox 597 3591 600 3596; x_wconf 29' lang='grc' dir='ltr'>Ι</span> 
     </span>
     <span class='ocr_line' id='line_1_30' title="bbox 335 3603 1388 3681; baseline 0.002 -17"><span class='ocrx_word' id='word_1_192' title='bbox 335 3615 345 3646; x_wconf 78' lang='lat'><strong>³</strong></span> <span class='ocrx_word' id='word_1_193' title='bbox 377 3615 438 3664; x_wconf 66' lang='grc' dir='ltr'>εἶεν]</span> <span class='ocrx_word' id='word_1_194' title='bbox 462 3622 520 3664; x_wconf 78' lang='lat' dir='ltr'><strong>ante</strong></span> <span class='ocrx_word' id='word_1_195' title='bbox 545 3630 581 3666; x_wconf 87' lang='lat' dir='ltr'><strong>vs.</strong></span> <span class='ocrx_word' id='word_1_196' title='bbox 606 3615 656 3664; x_wconf 88' lang='grc'><strong>916</strong></span> <span class='ocrx_word' id='word_1_197' title='bbox 681 3616 809 3678; x_wconf 73' lang='lat' dir='ltr'><strong>Dionysus</strong></span> <span class='ocrx_word' id='word_1_198' title='bbox 832 3617 928 3664; x_wconf 72' lang='lat' dir='ltr'><strong>dixerat</strong></span> <span class='ocrx_word' id='word_1_199' title='bbox 945 3615 992 3680; x_wconf 78' lang='grc' dir='ltr'><strong>ἐγὼ</strong></span> <span class='ocrx_word' id='word_1_200' title='bbox 1010 3615 1030 3664; x_wconf 79' lang='grc' dir='ltr'><strong>δ’</strong></span> <span class='ocrx_word' id='word_1_201' title='bbox 1047 3617 1148 3679; x_wconf 82' lang='grc' dir='ltr'>ἔχαιρον</span> <span class='ocrx_word' id='word_1_202' title='bbox 1165 3619 1197 3681; x_wconf 67' lang='grc' dir='ltr'>τῇ</span> <span class='ocrx_word' id='word_1_203' title='bbox 1214 3619 1309 3681; x_wconf 73' lang='grc' dir='ltr'>σιωπῇ,</span> <span class='ocrx_word' id='word_1_204' title='bbox 1328 3619 1371 3666; x_wconf 84' lang='grc' dir='ltr'><strong>καί</strong></span> <span class='ocrx_word' id='word_1_205' title='bbox 1384 3603 1388 3612; x_wconf 53' lang='grc'><strong>’</strong></span> 
     </span>
     <span class='ocr_line' id='line_1_31' title="bbox 303 3702 994 3768; baseline 0.003 -16"><span class='ocrx_word' id='word_1_206' title='bbox 303 3722 331 3768; x_wconf 91' lang='grc' dir='ltr'>με</span> <span class='ocrx_word' id='word_1_207' title='bbox 349 3703 415 3762; x_wconf 81' lang='grc' dir='ltr'>τοῦτ’</span> <span class='ocrx_word' id='word_1_208' title='bbox 432 3705 534 3768; x_wconf 77' lang='grc' dir='ltr'>ἔτερπεν</span> <span class='ocrx_word' id='word_1_209' title='bbox 552 3705 599 3768; x_wconf 79' lang='grc' dir='ltr'>οὐχ</span> <span class='ocrx_word' id='word_1_210' title='bbox 616 3702 694 3764; x_wconf 66' lang='grc' dir='ltr'>ἧττον</span> <span class='ocrx_word' id='word_1_211' title='bbox 712 3705 727 3762; x_wconf 82' lang='grc' dir='ltr'>ὴ</span> <span class='ocrx_word' id='word_1_212' title='bbox 744 3708 792 3754; x_wconf 84' lang='grc' dir='ltr'><strong>νῦν</strong></span> <span class='ocrx_word' id='word_1_213' title='bbox 809 3706 832 3753; x_wconf 80' lang='lat' dir='ltr'><strong>oi</strong></span> <span class='ocrx_word' id='word_1_214' title='bbox 848 3706 994 3762; x_wconf 81' lang='grc' dir='ltr'>λαλοῦντες.</span> 
     </span>
     <span class='ocr_line' id='line_1_32' title="bbox 337 3793 1372 3857; baseline 0.001 -14"><span class='ocrx_word' id='word_1_215' title='bbox 337 3793 378 3843; x_wconf 88' lang='lat' dir='ltr'><strong>Sic</strong></span> <span class='ocrx_word' id='word_1_216' title='bbox 402 3793 476 3842; x_wconf 84' lang='lat' dir='ltr'><strong>etiem</strong></span> <span class='ocrx_word' id='word_1_217' title='bbox 498 3807 533 3841; x_wconf 84' lang='lat' dir='ltr'><strong>vs.</strong></span> <span class='ocrx_word' id='word_1_218' title='bbox 557 3793 590 3842; x_wconf 84' lang='grc'><strong>89</strong></span> <span class='ocrx_word' id='word_1_219' title='bbox 615 3793 736 3842; x_wconf 82' lang='lat' dir='ltr'><strong>Hercules</strong></span> <span class='ocrx_word' id='word_1_220' title='bbox 760 3796 791 3844; x_wconf 90' lang='lat' dir='ltr'><strong>de</strong></span> <span class='ocrx_word' id='word_1_221' title='bbox 813 3795 990 3844; x_wconf 86' lang='lat' dir='ltr'><strong>recentioribus</strong></span> <span class='ocrx_word' id='word_1_222' title='bbox 1015 3795 1093 3857; x_wconf 88' lang='lat' dir='ltr'><strong>poetis</strong></span> <span class='ocrx_word' id='word_1_223' title='bbox 1116 3795 1218 3857; x_wconf 80' lang='lat' dir='ltr'><strong>tragicis</strong></span> <span class='ocrx_word' id='word_1_224' title='bbox 1237 3796 1372 3844; x_wconf 79' lang='lat' dir='ltr'><strong>admodum</strong></span> 
     </span>
     <span class='ocr_line' id='line_1_33' title="bbox 303 3881 752 3947; baseline -0.007 -15"><span class='ocrx_word' id='word_1_225' title='bbox 303 3883 390 3932; x_wconf 84' lang='lat' dir='ltr'><strong>acerbe</strong></span> <span class='ocrx_word' id='word_1_226' title='bbox 407 3889 585 3947; x_wconf 85' lang='lat' dir='ltr'><strong>percunctatur</strong></span> <span class='ocrx_word' id='word_1_227' title='bbox 601 3881 752 3944; x_wconf 87' lang='lat' dir='ltr'><strong>Dionysum:</strong></span> 
     </span>
     <span class='ocr_line' id='line_1_34' title="bbox 529 3969 1077 4036; baseline -0.002 -16"><span class='ocrx_word' id='word_1_228' title='bbox 529 3972 619 4021; x_wconf 81' lang='grc' dir='ltr'>οίιιιονν</span> <span class='ocrx_word' id='word_1_229' title='bbox 636 3969 695 4035; x_wconf 72' lang='grc' dir='ltr'>’ἕτερ’</span> <span class='ocrx_word' id='word_1_230' title='bbox 712 3971 888 4022; x_wconf 78' lang='grc' dir='ltr'>ἔστ”ἒνταῦθα</span> <span class='ocrx_word' id='word_1_231' title='bbox 904 3971 1077 4036; x_wconf 74' lang='grc' dir='ltr'>μειρακύλλια,</span> 
     </span>
     <span class='ocr_line' id='line_1_35' title="bbox 529 4060 1055 4126; baseline -0.004 -16"><span class='ocrx_word' id='word_1_232' title='bbox 529 4060 669 4126; x_wconf 74' lang='grc' dir='ltr'>τραγῳδίας</span> <span class='ocrx_word' id='word_1_233' title='bbox 687 4063 810 4110; x_wconf 82' lang='grc' dir='ltr'>ποιοῦντα</span> <span class='ocrx_word' id='word_1_234' title='bbox 829 4062 902 4110; x_wconf 82' lang='grc' dir='ltr'>πλεῖν</span> <span class='ocrx_word' id='word_1_235' title='bbox 918 4061 934 4120; x_wconf 80' lang='grc' dir='ltr'>ἢ</span> <span class='ocrx_word' id='word_1_236' title='bbox 951 4061 1041 4124; x_wconf 81' lang='grc' dir='ltr'>μυρίας</span> <span class='ocrx_word' id='word_1_237' title='bbox 1047 4095 1055 4119; x_wconf 88' lang='grc'><em>,</em></span> 
     </span>
     <span class='ocr_line' id='line_1_36' title="bbox 529 4149 1073 4213; baseline -0.004 -15"><span class='ocrx_word' id='word_1_238' title='bbox 529 4149 667 4213; x_wconf 77' lang='grc' dir='ltr'>Εὐριπίδου</span> <span class='ocrx_word' id='word_1_239' title='bbox 685 4149 760 4198; x_wconf 79' lang='grc' dir='ltr'>πλεῖν</span> <span class='ocrx_word' id='word_1_240' title='bbox 776 4149 791 4208; x_wconf 78' lang='grc' dir='ltr'>ἢ</span> <span class='ocrx_word' id='word_1_241' title='bbox 810 4149 904 4212; x_wconf 80' lang='grc' dir='ltr'>σταδίῳ</span> <span class='ocrx_word' id='word_1_242' title='bbox 921 4149 1073 4211; x_wconf 81' lang='grc' dir='ltr'>λαλίστερα;</span> 
     </span>
     <span class='ocr_line' id='line_1_37' title="bbox 336 4237 1411 4304; baseline -0.002 -14"><span class='ocrx_word' id='word_1_243' title='bbox 336 4240 345 4272; x_wconf 89' lang='lat'><strong>⁴</strong></span> <span class='ocrx_word' id='word_1_244' title='bbox 379 4242 420 4290; x_wconf 87' lang='lat' dir='ltr'><strong>Ad</strong></span> <span class='ocrx_word' id='word_1_245' title='bbox 437 4255 509 4303; x_wconf 86' lang='lat' dir='ltr'><strong>quem</strong></span> <span class='ocrx_word' id='word_1_246' title='bbox 525 4241 606 4288; x_wconf 89' lang='lat' dir='ltr'><strong>locum</strong></span> <span class='ocrx_word' id='word_1_247' title='bbox 622 4248 759 4302; x_wconf 87' lang='lat' dir='ltr'><strong>opportune</strong></span> <span class='ocrx_word' id='word_1_248' title='bbox 777 4239 836 4304; x_wconf 81' lang='lat' dir='ltr'><strong>citat</strong></span> <span class='ocrx_word' id='word_1_249' title='bbox 848 4238 958 4290; x_wconf 83' lang='lat' dir='ltr'><strong>Kockius</strong></span> <span class='ocrx_word' id='word_1_250' title='bbox 970 4237 1082 4288; x_wconf 83' lang='lat' dir='ltr'><strong>Platonis</strong></span> <span class='ocrx_word' id='word_1_251' title='bbox 1093 4237 1193 4300; x_wconf 79' lang='lat' dir='ltr'><strong>Protag.</strong></span> <span class='ocrx_word' id='word_1_252' title='bbox 1205 4252 1261 4300; x_wconf 80' lang='lat' dir='ltr'><strong>pag.</strong></span> <span class='ocrx_word' id='word_1_253' title='bbox 1275 4239 1322 4288; x_wconf 79' lang='lat'><strong>337</strong></span> <span class='ocrx_word' id='word_1_254' title='bbox 1335 4239 1376 4296; x_wconf 74' lang='lat' dir='ltr'><strong>A,</strong></span> <span class='ocrx_word' id='word_1_255' title='bbox 1409 4249 1411 4253; x_wconf 78' lang='grc'>’</span> 
     </span>
     <span class='ocr_line' id='line_1_38' title="bbox 304 4325 1370 4392; baseline -0.002 -12"><span class='ocrx_word' id='word_1_256' title='bbox 304 4332 346 4380; x_wconf 91' lang='lat' dir='ltr'><strong>ubi</strong></span> <span class='ocrx_word' id='word_1_257' title='bbox 362 4331 440 4380; x_wconf 84' lang='lat' dir='ltr'><strong>facete</strong></span> <span class='ocrx_word' id='word_1_258' title='bbox 456 4329 696 4392; x_wconf 86' lang='lat' dir='ltr'><strong>loquensinducitur</strong></span> <span class='ocrx_word' id='word_1_259' title='bbox 714 4329 842 4386; x_wconf 88' lang='lat' dir='ltr'><strong>Prodicus,</strong></span> <span class='ocrx_word' id='word_1_260' title='bbox 861 4328 986 4392; x_wconf 86' lang='lat' dir='ltr'><strong>Euripidis</strong></span> <span class='ocrx_word' id='word_1_261' title='bbox 1003 4328 1133 4390; x_wconf 80' lang='lat' dir='ltr'><strong>magister,</strong></span> <span class='ocrx_word' id='word_1_262' title='bbox 1152 4328 1272 4377; x_wconf 90' lang='lat' dir='ltr'><strong>similium</strong></span> <span class='ocrx_word' id='word_1_263' title='bbox 1291 4325 1370 4391; x_wconf 82' lang='lat' dir='ltr'><strong>argu-</strong></span> 
     </span>
     <span class='ocr_line' id='line_1_39' title="bbox 305 4424 522 4471; baseline -0.018 -1"><span class='ocrx_word' id='word_1_264' title='bbox 305 4424 395 4471; x_wconf 84' lang='lat' dir='ltr'><strong>tiarum</strong></span> <span class='ocrx_word' id='word_1_265' title='bbox 413 4426 522 4470; x_wconf 85' lang='lat' dir='ltr'><strong>venator.</strong></span> 
     </span>
    </p>
   </div>
   <div class='ocr_carea' id='block_1_6' title="bbox 0 0 1584 5198">
    <p class='ocr_par' dir='ltr' id='par_1_9' title="bbox 0 0 1584 5198">
     <span class='ocr_line' id='line_1_40' title="bbox 0 0 1584 5198; baseline 0 0"><span class='ocrx_word' id='word_1_266' title='bbox 0 0 1584 5198; x_wconf 95' lang='lat' dir='ltr'><strong> </strong></span> 
     </span>
    </p>
   </div>
  </div>
 </body>
</html>
