3150 5194
800 343 841 403 96

286 531 371 596 inter
393 529 502 616 ipsum
525 534 559 595 et
583 527 774 614 Euripidem
797 527 991 608 ostendens,
1016 531 1181 592 servatum
1204 529 1254 590 est
1269 524 1360 609 apud

285 641 495 708 Aristotelem
536 641 626 707 Poet.
664 662 733 727 cap.
772 644 833 706 25:
872 639 1042 727 Σοφοκλῆς
1074 639 1145 724 ἔφη,
1177 638 1272 712 αὐτὸς
1302 641 1362 719 μὲν

284 756 374 828 οἵους
395 751 439 818 δεῖ
458 763 572 826 ποιεῖν,
597 750 770 840 Edpraldnv
793 751 824 819 δὲ
845 754 905 819 olor
924 755 1002 816 εἰσίν
1015 755 1035 816 ¹.
1059 749 1170 814 Estut
1183 747 1359 833 Sophocles

285 863 386 942 dixit3
410 863 467 930 sed
489 863 636 929 homines
660 867 721 930 olor
742 867 802 930 εἰσί
823 883 889 927 non
916 863 995 928 satis
1022 863 1220 928 conveniunt
1242 882 1358 926 scenae

235 967 240 978 '
285 976 441 1062 tragicae,
475 981 509 1040 et
542 974 628 1040 male
661 974 785 1040 factum
818 973 904 1059 quod
928 973 1101 1059 Euripides
1126 974 1239 1040 heroas
1262 994 1356 1056 suos,

284 1093 322 1152 ut
343 1087 466 1152 similes
490 1085 639 1153 redderet
662 1085 850 1152 hominibus
862 1086 1079 1172 quotidianis,
1101 1108 1197 1172 saepe
1208 1084 1358 1151 oblivisci

196 1182 199 1188 ¹
284 1200 390 1286 coegit
400 1222 434 1266 se
445 1201 593 1267 incedere
602 1201 822 1284 cothurnatos,
835 1200 887 1266 vel
900 1199 954 1284 (ut
967 1200 1104 1266 Porsoni
1114 1203 1129 1243 ²
1141 1200 1247 1266 verbis
1261 1222 1357 1286 saepe

283 1312 392 1379 allatis
421 1335 481 1400 ego
505 1335 632 1400 qnoque
664 1315 752 1399 uter)
774 1314 1000 1400 Melpomenen
1025 1314 1067 1379 ad
1091 1335 1142 1379 res
1161 1313 1356 1379 domesticas

283 1425 431 1492 detrusit.
477 1426 547 1492 Aut
570 1427 669 1492 nimis
692 1426 836 1492 multum
858 1426 910 1492 hic
934 1426 1127 1491 innovatum
1155 1431 1213 1491 aut
1229 1446 1354 1511 parum.

285 1542 392 1609 Semel
426 1544 513 1608 enim
545 1543 681 1608 servatis
714 1541 810 1608 claris
837 1542 983 1608 ·heroum
1017 1540 1222 1625 nominibus,
1255 1539 1357 1604 etiam

282 1677 393 1722 eorum
404 1655 560 1742 dignitati
570 1655 805 1721 consulendum
816 1662 904 1734 erat;
924 1655 975 1721 sin
989 1655 1172 1741 vulgarium
1184 1654 1355 1720 hominum
1426 1723 1429 1726 ,

282 1768 405 1836 similes
428 1768 651 1855 producendae
673 1769 867 1835 videbantur
890 1769 1035 1835 scenicae
1045 1791 1211 1854 personae,
1226 1767 1355 1833 utinam

281 1903 348 1947 non
378 1881 520 1968 regalem
555 1882 651 1948 modo
674 1882 897 1968 chlamydem,
924 1881 982 1947 sed
1011 1903 1087 1948 oum
1110 1881 1232 1948 vestitu
1254 1880 1355 1945 etiam

281 2017 399 2061 nomen
421 1995 628 2078 abstulisset,
664 2001 702 2060 ut
723 1995 758 2060 in
780 1995 994 2060 semideorum
1018 1995 1126 2062 locum
1148 1993 1356 2061 succederent

281 2109 367 2176 cives
400 2109 505 2176 Attici
536 2111 576 2175 de
609 2109 680 2174 foro
711 2108 763 2174 vel
798 2131 816 2173 e
850 2108 952 2174 demis
975 2108 1106 2174 rusticis
1130 2116 1151 2173 ⁸.
1185 2109 1351 2193 Apparet,

281 2221 493 2308 Euripidem,
518 2221 724 2288 accedentem
747 2222 788 2287 ad
809 2219 1009 2288 comoediam
1029 2243 1148 2288 novam
1162 2225 1352 2286 nontamen

280 2335 392 2402 relicta
414 2333 513 2400 veteri
532 2333 717 2420 tragoedia,
741 2333 794 2399 hic
816 2354 943 2419 quoque
966 2333 1045 2398 dum
1065 2333 1130 2399 duo
1141 2333 1221 2399 artis
1234 2354 1353 2419 genera

279 2448 428 2515 funditus
469 2447 596 2514 diversa
634 2447 828 2533 conjungere
870 2446 999 2529 studet,
1043 2444 1190 2512 neutrius
1224 2445 1352 2532 legibus

279 2561 482 2629 satisfecisse.

277 2770 389 2835 pertibus
411 2770 519 2830 tabulae,
543 2771 681 2835 cujusmodi
706 2781 765 2823 sunt
788 2773 873 2832 facies,
900 2772 977 2830 ocnli,
1002 2787 1103 2836 munus;
1128 2775 1154 2825 in
1171 2775 1277 2825 vestium
1293 2790 1352 2826 vero

276 2860 428 2910 ornamentis
444 2861 563 2910 desudare
579 2861 659 2910 solent
675 2862 693 2910 ii
710 2863 753 2927 qui
769 2863 865 2926 majore
880 2863 996 2927 perficere
1011 2873 1145 2930 nequeunt.

311 2950 453 3000 Discrimen
477 2951 537 2999 artis
563 2951 716 3016 Aeschyleae
733 2959 758 3000 et
774 2953 923 3016 Euripideae
939 2954 1050 3016 tangitur
1066 2955 1160 3005 Benar.
1177 2968 1215 3003 vs.
1233 2956 1283 3004 960
1298 2970 1351 3020 sqq.

310 3040 318 3072 ¹
336 3041 376 3090 De
386 3041 456 3104 eujus
466 3040 513 3089 loci
528 3049 596 3092 recta
610 3041 811 3105 interpretatione
827 3042 990 3094 consulendus
1007 3044 1121 3109 Lessing.
1138 3045 1220 3094 Hamb
1237 3046 1351 3095 Dramat.

277 3129 321 3180 N⁰.
339 3132 371 3179 94
387 3145 422 3194 sq.
440 3129 479 3180 cf.
496 3145 569 3194 supra
585 3147 642 3195 pag.
658 3133 691 3182 53
706 3133 763 3182 adn.
784 3133 804 3182 l.

308 3219 319 3252 ²
335 3220 378 3269 Ad
396 3219 490 3272 Orestis
505 3235 542 3270 rs,
560 3223 630 3271 1106.

310 3310 472 3374 ³Eleganter
500 3309 602 3361 Curtius
630 3311 674 3362 Gr.
701 3311 790 3362 Gesch.
814 3311 881 3370 111³,
909 3327 933 3375 p.
959 3314 1005 3364 70:
1031 3312 1103 3361 “Aus
1129 3313 1176 3361 den
1201 3313 1350 3376 gewsltigen

277 3398 546 3459 “Charaktermasken,
573 3401 620 3450 wie
653 3401 690 3451 sie
720 3400 760 3450 fur
783 3402 825 3452 die
849 3402 977 3452 Gesmltsn
1005 3405 1047 3451 des
1072 3401 1207 3466 Aischylos
1231 3403 1351 3452 erfunden

277 3494 391 3547 “narem
407 3490 475 3539 tonte
492 3489 532 3540 die
549 3490 631 3540 donne
647 3491 752 3543 stimme
768 3506 818 3541 von
835 3491 1069 3554 Alltagsmeuechen
1087 3492 1202 3542 hervor.’¹
